1992 2756
614 180 729 257 *effi
795 172 990 235 >19s(
1055 177 1171 229 ἔξω

160 290 264 334 haec
317 290 530 334 diuersitas
585 291 890 346 conspiciatur3
939 304 1198 347 quamquam
1243 292 1286 333 in
1329 290 1502 335 Africae
1537 305 1638 348 pro-

159 357 379 397 montorio
415 358 651 411 plurimum
682 357 877 399 bicornes
914 360 1201 412 reperiantur:
1238 358 1350 398 vnde
1371 358 1636 403 manifestum

161 422 243 469 est,
294 422 334 462 ἃ
373 435 428 462 ex
465 421 612 462 Africa
647 435 725 476 per
758 422 1006 476 Aegyptum
1045 422 1228 463 Romam
1276 422 1457 468 adferri,
1506 424 1547 463 &
1583 435 1639 464 ex

160 485 401 539 Mogolensi
438 486 621 540 imperio
646 484 774 541 juxta
808 486 991 527 Perfiam
1029 489 1069 526 in
1111 487 1313 527 Arabiam
1350 487 1524 527 transire
1559 499 1639 541 po-

160 550 300 599 tuisse,
353 550 406 591 fic
430 560 489 591 'vt
523 549 778 591 Domitiano
813 551 1055 603 imperante
1091 551 1134 590 in
1185 551 1291 592 ludis
1337 551 1524 605 conspici
1559 563 1640 606 po-

158 614 304 665 tuerit,
340 614 456 656 sicuti
493 628 548 656 ex
584 614 774 655 Martiali
809 622 852 653 et
887 615 1075 654 nummis
1095 628 1144 655 ea
1163 615 1383 656 occasione
1420 616 1523 657 culis
1560 615 1642 671 (a)

159 687 322 732 patet3
383 689 426 719 et
476 677 578 733 Joln·
634 688 830 731 tempore
882 680 1079 731 cognosci
1142 692 1188 718 ac
1241 679 1414 721 describi
1466 681 1641 721 nomine

161 741 316 793 Remu,
368 741 730 796 quemadmodum
782 740 910 783 hodie
963 753 1086 784 extra
1137 756 1267 784 omne
1319 745 1493 786 dubium
1537 747 1640 800 poni

159 808 272 862 poffe
307 806 491 847 confido.
561 805 868 847 Rhinocerotes
906 808 1020 848 enim
1057 808 1231 861 gemino
1251 821 1384 850 cornu
1414 818 1537 850 antea
1572 809 1641 851 vel

159 870 364 920 rarissimi,
401 871 472 911 vel
508 883 740 923 numquam
778 871 853 912 nisi
891 886 913 912 a
949 871 1151 927 Pausania
1187 872 1292 921 vifi,
1325 873 1454 914 hodie
1492 875 1534 914 in
1571 886 1646 914 cu-

159 935 367 977 riosorum
414 936 564 976 museis
602 936 726 989 longe
763 936 995 978 crebriores
1032 938 1308 979 inueniuntur
1343 951 1471 992 quam
1509 951 1644 980 cornu

157 1002 322 1050 vnico‚
376 1001 481 1040 adeo
532 1008 583 1039 vt
636 1000 844 1041 veriffime
881 1002 1233 1045 animaduerterit
1271 999 1337 1044 Cl.
1374 1002 1517 1046 Pallas
1552 1001 1644 1060 (b),

161 1065 200 1105 se
238 1066 459 1104 innumera
495 1062 591 1102 talia
626 1063 771 1101 vidisse
823 1065 1083 1115 specimina,
1136 1067 1266 1106 etiam
1312 1068 1356 1106 in
1392 1068 1644 1109 tenerrimae

163 1129 309 1169 aetatis
344 1126 495 1167 bellua.
564 1124 684 1164 Idem
720 1125 805 1179 ipse
841 1126 1062 1168 adfirmare
1098 1129 1260 1177 audeo,
1315 1131 1388 1182 qui
1424 1130 1508 1171 duo
1544 1131 1646 1172 talia

163 1192 308 1234 crania
355 1189 541 1245 poffideo
562 1220 574 1239 ,
625 1199 666 1230 et
701 1190 744 1229 in
780 1189 1008 1233 Hollandia
1042 1191 1193 1233 similia
1225 1192 1349 1248 plura
1384 1192 1427 1234 in
1464 1194 1646 1237 aliorum

164 1257 316 1299 muscis
362 1254 465 1296 vidi.

355 1383 638 1427 Inueniuntur
675 1384 804 1424 etiam
843 1396 976 1426 cornu
1013 1388 1277 1441 tergemin03
1311 1389 1425 1431 vnde
1460 1390 1650 1431 maxime

166 1447 382 1505 probabile
418 1450 584 1490 videtur
606 1479 618 1497 ,
668 1447 920 1490 luxuriantis
972 1449 1164 1493 Naturae
1202 1453 1384 1495 alterum
1420 1454 1553 1504 illud,
1606 1465 1650 1496 et

168 1515 308 1555 minus
362 1526 491 1554 cornu
549 1513 690 1567 potius
745 1514 999 1567 productum
1036 1519 1146 1566 esse,
1200 1531 1327 1571 quam
1364 1519 1649 1560 differentiam

167 1590 271 1619 vere
307 1576 556 1631 specificam.
626 1576 853 1619 Islandicae
889 1593 991 1621 oves
1027 1582 1185 1635 quippe
1222 1595 1306 1623 non
1337 1584 1539 1625 diuersam
1561 1583 1651 1638 spe-

172 1642 281 1682 ciem
318 1639 507 1681 efficiunt
528 1670 538 1687 ,
573 1641 774 1691 quoniam
810 1655 1004 1697 quatuor,
1045 1647 1231 1699 quinque
1252 1678 1263 1696 ‚
1298 1640 1367 1689 vel
1402 1649 1521 1702 plura
1555 1661 1651 1688 cor-

172 1719 254 1748 nua
288 1715 472 1758 gerunt,
516 1704 666 1757 quibus
701 1709 879 1748 omnino
915 1721 1058 1751 carent
1093 1711 1135 1749 in
1171 1711 1353 1765 Belgio,
1390 1725 1650 1767 quamquam

170 1770 248 1811 hae
286 1767 461 1809 eaedem
497 1769 538 1807 in
574 1766 822 1814 Drenthana
854 1775 1028 1828 regione
1064 1774 1279 1830 eleganter
1313 1777 1574 1817 contornatis
1608 1785 1652 1815 et

173 1845 272 1875 vere
307 1833 568 1874 hammoniis
591 1836 796 1878 'cornibus
833 1839 1086 1893 superbiant.

363 1958 607 2001 Adfirmare
657 1975 761 2006 vero
813 1980 898 2008 non
965 1969 1101 2008 audeo
1154 1968 1203 2008 ad
1258 1966 1392 2009 Suum
1439 1968 1653 2022 pertinere

175 2037 331 2082 genus,
384 2026 745 2078 quemadmodum
782 2029 850 2073 Cl.
885 2032 1058 2087 Pallasto
1091 2032 1250 2087 placuit
1284 2030 1389 2086 (c),
1442 2035 1541 2086 quia
1598 2034 1652 2074 de

877 2096 911 2137 B
932 2097 955 2136 b
996 2110 1020 2135 2
1518 2097 1654 2139 mori·
1714 2136 1716 2138 .

1009 2198 1364 2211 u*

282 2248 366 2294 (a)
418 2248 507 2284 Tab.
537 2245 602 2283 VI.
654 2247 729 2299 Fig.
757 2250 822 2290 IV.
850 2265 886 2290 et
912 2253 961 2290 V.

285 2298 367 2344 (b)
419 2298 476 2334 loc.
506 2298 559 2332 cii&
576 2311 605 2346 p·
635 2313 695 2346 45.

287 2349 364 2394 (c)
418 2350 495 2385 ibid·
527 2362 557 2396 p.
584 2361 668 2392 447.
