1992 2756
788 147 903 199 ”3233
967 139 983 199 )
1023 153 1115 195 194
1148 141 1165 201 (
1229 141 1344 196 ἔξω·

327 267 541 313 cranium,
577 258 792 307 maxillas,
831 264 999 311 etquae
1019 269 1172 300 eorum
1206 257 1562 313 compofitionem
1597 258 1797 316 spectant,

327 332 382 376 ob
417 328 559 371 oculos
594 334 799 379 ponerem
834 320 1013 376 plenius.

515 452 711 495 Primum
752 464 857 493 vero
893 452 1064 493 iconem
1099 451 1188 493 eius
1224 451 1532 493 accuratissime
1577 452 1797 502 delineavi,

325 524 443 566 cuius
478 517 698 573 exemplar
735 517 784 558 ad
820 517 1060 558 mensuram
1096 516 1443 558 rhenolandicam
1480 518 1630 558 factam
1674 527 1800 569 atque

328 589 398 630 hic
434 587 583 628 itidem
619 581 877 623 contractam
922 580 1090 631 Vobis,
1147 578 1244 622 Viri
1290 580 1585 622 Inlustriffimi!
1639 580 1800 622 obfero.

328 652 432 695 Eius
470 659 612 691 autem
646 646 864 687 historiam
899 646 1107 699 integram
1142 659 1228 686 non
1264 642 1474 701 adjiciam,
1511 646 1712 700 quoniam
1742 644 1803 684 se—

330 716 513 772 paratim
549 725 642 753 eam
680 711 803 751 edere
838 710 1030 762 decreui,
1064 710 1287 751 videbatur
1324 711 1453 750 etiam
1490 724 1585 751 cum
1617 709 1805 751 maxime

331 780 513 822 Vestrae
549 776 740 817 interesse
775 774 1048 823 Academiae,
1084 783 1130 813 vt
1165 787 1270 827 quae
1307 772 1466 814 Clariis.
1496 775 1636 815 Pallas
1671 775 1722 814 de
1742 771 1811 813 Si-

329 845 471 886 biricis
508 841 846 882 Rhinocerotum
893 839 1042 879 craniis
1087 837 1286 877 foffihbus
1323 837 1644 886 obseruauerat,
1695 836 1806 876 inlu-

330 910 519 956 strat-em,
554 913 703 958 vtpote
742 904 815 957 qui
848 903 1065 956 hucusque
1092 932 1103 951 ,
1141 912 1346 955 quantum
1383 902 1483 942 noui
1507 931 1518 952 ,
1558 900 1663 942 solus
1699 900 1808 940 inte-

325 985 451 1029 grum
485 970 608 1013 huius
661 966 823 1008 belluae
859 968 1048 1008 cranium
1083 965 1281 1019 poffideo.

519 1096 606 1136 Has
642 1094 770 1148 igitur
805 1093 1133 1146 qualescumque
1168 1091 1481 1132 obseruationes
1503 1089 1646 1145 figuris
1665 1090 1808 1141 variis,

329 1176 427 1207 mea
462 1172 590 1202 manu
625 1156 775 1207 duc‘tis,
810 1156 1042 1198 inlustratas
1085 1155 1219 1202 vobis,
1257 1155 1356 1197 Viri
1378 1155 1673 1197 Inlustriffimi!
1711 1156 1813 1197 mit·

332 1238 411 1278 to,
464 1236 593 1280 atque
646 1222 810 1264 summa
855 1234 952 1263 cum
998 1221 1232 1262 reuerentia
1267 1221 1363 1261 dico
1399 1232 1523 1274 atque
1560 1221 1726 1270 dedico,
1761 1232 1811 1260 ea

332 1295 418 1348 spe,
453 1302 526 1340 vt,
562 1288 591 1329 fi
626 1286 885 1341 placuerint,
946 1287 1056 1325 inter
1093 1282 1437 1326 Commentarios
1474 1284 1813 1326 celebratissimae

334 1356 513 1399 Vestrae
547 1350 808 1393 Academiae
830 1379 841 1400 ,
887 1350 1016 1391 etiam
1051 1348 1106 1391 ob
1143 1347 1324 1389 aliorum
1359 1349 1478 1391 vsum
1513 1350 1556 1390 in
1593 1349 1812 1405 publicum

335 1422 571 1463 mittantur.

528 1514 608 1556 His
644 1511 863 1554 intenedtis
899 1510 1038 1551 Bufali
1072 1511 1225 1553 asiatici
1255 1510 1436 1564 ingentis
1458 1510 1661 1555 cranium,
1698 1507 1813 1562 quod

339 1584 383 1625 in
418 1580 567 1622 museo
599 1591 698 1619 meo
733 1576 951 1625 conseruo,
986 1576 1226 1630 depingam,
1263 1575 1393 1615 etiam
1429 1574 1539 1628 Apri
1585 1570 1814 1626 aethiopici

341 1647 565 1693 cranium,
615 1653 666 1684 vt
713 1654 819 1695 quae
853 1640 1071 1681 historiam
1124 1641 1339 1694 physicam
1392 1639 1550 1680 telluris
1602 1638 1813 1692 speciant,

340 1711 438 1752 inde
472 1709 621 1750 clarius
658 1705 984 1758 intelligantur,
1033 1718 1081 1745 ea
1116 1707 1227 1745 enim
1265 1703 1374 1746 mihi
1409 1704 1587 1757 contigit
1621 1701 1813 1749 felicitas,

341 1784 402 1824 vt,
440 1786 501 1815 ex¹
531 1772 766 1813 multorum
803 1769 1040 1809 amicorum
1076 1770 1365 1822 generositate,
1403 1768 1532 1808 totius
1567 1766 1653 1807 fere
1690 1763 1813 1804 tellu-

344 1841 400 1881 ris
437 1838 741 1879 rariffimorum
778 1832 1023 1874 animalium
1058 1834 1248 1885 sceletos,
1284 1833 1355 1874 vel
1389 1831 1530 1873 crania
1564 1830 1672 1871 mihi
1695 1840 1815 1869 com-

345 1916 494 1960 parare
544 1900 775 1956 potuerim.

420 2026 514 2077 ,De
544 2024 872 2077 Rhinocerote
887 2059 902 2085 ,
946 2029 1094 2087 atque
1127 2022 1231 2073 eim
1263 2034 1492 2074 commum
1525 2030 1732 2069 numero,

538 2128 804 2180 Rhinoceros
839 2124 987 2179 ingens
1025 2123 1170 2175 bellua,
1207 2124 1453 2178 frugivora,
1489 2120 1700 2173 reperitur
1733 2114 1817 2157 fre-

352 2200 530 2244 quenter
566 2194 609 2232 in
644 2190 820 2245 Africa,
867 2199 908 2230 et
943 2190 987 2229 in
1019 2187 1147 2239 Asta,
1199 2201 1308 2230 nunc
1345 2198 1477 2227 cornu
1511 2184 1672 2232 vnico,
1707 2191 1817 2221 nunc

346 2255 526 2310 >gemino
561 2265 747 2306 armata,
792 2252 896 2295 adeo
929 2263 976 2294 vt
1011 2253 1054 2293 in
1078 2263 1265 2310 .vtraque
1300 2252 1412 2295 orbis
1447 2248 1607 2303 antiqui
1640 2244 1815 2350 reglione

1727 2318 1820 2349 iaec
