1992 2756
784 132 898 182 ωὲὀέ
963 126 979 183 )
1018 131 1109 177 196
1143 122 1158 181 (
1223 127 1338 177 &030-

327 248 513 292 moribus
559 255 600 286 et
643 244 753 282 vitae
798 252 951 293 genere
989 239 1091 280 nihil
1127 238 1295 293 prorsus
1330 239 1607 281 determinare
1644 242 1793 291 vale03

327 313 472 355 Cranii
509 317 619 349 certe
656 305 856 346 stmcstura
892 303 1075 345 multum
1111 304 1270 345 diuersa
1307 304 1388 354 est,
1435 305 1560 344 etiam
1597 306 1792 346 dentium

326 374 569 428 dispositio,
623 382 727 423 quae
781 378 922 408 tamen
968 369 1113 408 omnia
1148 367 1437 408 admirabilem
1473 367 1792 410 fimilitudinem

321 439 477 479 habent
513 436 555 475 in
592 433 722 487 Apris
759 433 920 482 nostri5‚
957 433 999 472 in
1036 433 1207 473 afiaticis
1243 431 1481 486 Babiroffa,
1518 441 1642 484 atque
1680 446 1795 473 ame-

320 501 504 549 ricanis,
555 499 701 539 Pecari
753 497 928 537 vocatis.
1015 496 1062 537 In
1108 491 1348 550 aethiopico
1401 496 1584 536 rostrum
1621 499 1793 549 quidem

318 563 667 620 praecedentibus
717 561 942 614 analogum
979 561 1064 610 est,
1121 562 1264 602 dentes
1300 573 1405 602 vero
1443 573 1571 613 quam
1607 561 1795 601 maxime

321 627 547 670 diffimiles.
584 626 862 673 Nosti-atem,
900 625 1219 674 americanum,
1268 635 1310 665 et
1345 623 1634 678 aethiopicum
1672 624 1796 674 secui,

320 704 446 747 atque
497 703 647 732 eorum
701 690 880 731 rostrum
918 682 1103 744 {officulo
1139 689 1419 741 singularixad
1456 698 1612 728 terram
1648 688 1795 728 confo-

319 758 516 799 diendam
550 755 789 809 praeditum
828 752 931 793 vidi.
1001 751 1151 792 Fateor
1185 753 1382 805 equidem
1418 751 1584 805 Aprum
1632 753 1800 793 aethio-

317 823 464 876 picum
508 820 655 860 dentes
711 831 798 858 non
832 815 986 856 habere
1023 817 1228 869 primores
1265 815 1331 855 seu
1367 815 1591 864 incifiuos,
1643 828 1796 855 verum

319 886 449 926 etiam
484 884 533 924 iis
571 893 713 924 carent
750 879 997 933 Elephanti,
1044 893 1089 920 ac
1111 879 1329 920 Rosmari:
1366 878 1542 919 eandem
1579 879 1632 918 ob
1667 879 1796 918 ratio-

317 962 440 998 nem,
476 957 656 1002 propter
690 945 889 987 laniarios
926 945 1108 984 nimium
1142 943 1362 991 exsert05‚
1397 954 1525 994 quam
1544 951 1796 996 vtvnquam

320 1013 527 1054 incisoriis
561 1012 625 1051 vti
661 1016 831 1063 queant.

573 1136 647 1179 Ex
717 1133 975 1190 catagrapho
1027 1133 1135 1175 Tab.
1186 1131 1244 1174 V.
1306 1142 1423 1188 patet
1473 1132 1630 1174 labium
1682 1135 1799 1189 supe—⁷

316 1205 402 1246 rius
449 1202 505 1244 A..
551 1203 586 1244 Ι.
643 1209 864 1254 tamquam
901 1201 943 1239 in
980 1198 1158 1252 digitum
1196 1199 1378 1251 migrare
1414 1197 1446 1238 Ι.
1493 1198 1545 1239 Κ.
1599 1198 1799 1253 elephan-

317 1270 409 1311 tino
445 1280 532 1308 non
571 1264 832 1312 absimilem,
873 1264 945 1314 qui
982 1263 1030 1301 ad
1067 1261 1325 1314 proboscidis
1363 1272 1608 1305 extremum
1640 1264 1799 1316 reperi·

320 1345 401 1375 tur.
483 1331 552 1372 Eo
589 1330 721 1370 vtitur
758 1328 807 1367 ad
843 1325 987 1366 cibum
1024 1325 1272 1378 capiendum
1311 1336 1358 1365 vt
1391 1326 1605 1380 Elephas,
1642 1339 1694 1366 eo
1729 1327 1801 1366 de·-

316 1395 505 1437 stituitur
541 1405 642 1447 aper
678 1391 833 1440 omnis,
869 1391 984 1429 cuius
1022 1401 1138 1429 nares
1176 1389 1344 1442 insuper
1381 1402 1467 1429 non
1503 1405 1528 1429 a
1560 1390 1688 1430 latere
1722 1401 1795 1428 ro-

322 1460 404 1509 stri,
440 1458 507 1500 scd
543 1460 587 1498 in
623 1457 757 1496 antica
793 1463 911 1508 parte
947 1452 1070 1508 plana
1106 1453 1204 1493 fitae
1240 1454 1345 1494 sunt.

364 1630 365 1633 ,
513 1585 662 1629 Cornu
708 1584 894 1624 anterius
939 1580 1055 1622 AD.
1090 1582 1133 1621 in
1179 1581 1262 1622 hoc
1307 1581 1538 1635 specimine
1571 1581 1796 1620 incuruum

320 1656 425 1696 adeo
479 1651 559 1693 fuit
606 1659 652 1690 vt
687 1648 864 1689 alterum
901 1645 1060 1687 EFH.
1116 1656 1333 1700 tamquam
1369 1645 1522 1686 inutile
1553 1644 1799 1685 reddiderit,

319 1718 489 1760 Verum
535 1727 620 1755 non
670 1714 727 1753 ita
764 1714 806 1751 in
843 1711 1069 1752 omnibus:
1112 1711 1297 1763 poffideo
1335 1709 1505 1750 alterins
1540 1707 1669 1750 cranii
1704 1720 1798 1760 par-

319 1794 407 1824 tem
430 1812 440 1832 ‚
477 1781 595 1821 cuius
636 1789 770 1818 cornu
808 1776 988 1817 anterius
1022 1775 1217 1825 rectum,
1271 1784 1313 1816 et
1351 1773 1588 1816 antrorsum
1621 1770 1798 1811 inclina-

319 1857 411 1888 tum
450 1845 522 1886 est.

510 1940 651 1982 Habet
685 1940 817 1980 etiam
849 1935 1004 1978 labium
1040 1934 1214 1976 inferius
1252 1935 1373 1977 MK.
1415 1934 1536 1976 valde
1572 1932 1718 1981 latum,
1754 1939 1797 1971 et

318 2010 403 2048 oris
447 2007 600 2048 fidium
637 2018 662 2043 a
695 2003 832 2044 suibus»
875 1999 1119 2050 diuersum,
1178 2010 1330 2056 vtpote
1389 2001 1462 2054 qui
1519 1998 1683 2051 longius
1720 2005 1800 2034 ex-

320 2073 451 2111 currit
486 2072 528 2110 in
567 2068 873 2109 Rhinocerote,

510 2163 636 2205 Oculi
673 2164 713 2203 in
752 2162 889 2203 media
922 2160 1067 2213 capitis
1103 2172 1220 2215 parte
1255 2161 1344 2210 siti,
1382 2158 1455 2215 qui
1492 2158 1535 2199 in
1567 2153 1701 2211 Apris
1737 2168 1802 2196 re-

319 2230 502 2272 trorsum
539 2229 669 2280 magis
708 2228 846 2268 sedem
880 2223 1089 2274 obtinent,
1124 2227 1256 2268 etiam
1301 2222 1488 2268 maiores
1524 2223 1615 2264 sunt
1651 2229 1693 2260 et
1718 2218 1803 2257 ele-

1698 2293 1799 2336 gan-
