<?xml version="1.0" encoding="UTF-8"?>
<!DOCTYPE html PUBLIC "-//W3C//DTD XHTML 1.0 Transitional//EN"
    "http://www.w3.org/TR/xhtml1/DTD/xhtml1-transitional.dtd">
<html xmlns="http://www.w3.org/1999/xhtml" xml:lang="en" lang="en">
 <head>
  <title>
</title>
<meta http-equiv="Content-Type" content="text/html;charset=utf-8" />
  <meta name='ocr-system' content='tesseract 3.04.00' />
  <meta name='ocr-capabilities' content='ocr_page ocr_carea ocr_par ocr_line ocrx_word'/>
</head>
<body>
  <div class='ocr_page' id='page_1' title='image "./actaacademiaesci02impe_0186.png"; bbox 0 0 1992 2756; ppageno 0'>
   <div class='ocr_carea' id='block_1_1' title="bbox 759 156 1283 242">
    <p class='ocr_par' dir='ltr' id='par_1_1' title="bbox 759 156 1283 242">
     <span class='ocr_line' id='line_1_1' title="bbox 759 156 1283 242; baseline -0.015 -28"><span class='ocrx_word' id='word_1_1' title='bbox 759 162 876 214; x_wconf 49' lang='grc' dir='ltr'>»ἓξὲξ</span> <span class='ocrx_word' id='word_1_2' title='bbox 940 156 954 213; x_wconf 94' lang='grc'>)</span> <span class='ocrx_word' id='word_1_3' title='bbox 990 171 1051 210; x_wconf 90' lang='lat'>90</span> <span class='ocrx_word' id='word_1_4' title='bbox 1088 157 1103 213; x_wconf 94' lang='lat'>(</span> <span class='ocrx_word' id='word_1_5' title='bbox 1168 157 1283 242; x_wconf 42' lang='grc' dir='ltr'>ἓῖεέᾗ</span> 
     </span>
    </p>
   </div>
   <div class='ocr_carea' id='block_1_2' title="bbox 287 266 1767 707">
    <p class='ocr_par' dir='ltr' id='par_1_2' title="bbox 287 266 1767 707">
     <span class='ocr_line' id='line_1_2' title="bbox 289 266 1760 332; baseline -0.004 -14"><span class='ocrx_word' id='word_1_6' title='bbox 289 279 402 332; x_wconf 70' lang='lat' dir='ltr'>quod</span> <span class='ocrx_word' id='word_1_7' title='bbox 441 275 608 331; x_wconf 86' lang='lat' dir='ltr'>quidem</span> <span class='ocrx_word' id='word_1_8' title='bbox 643 269 848 324; x_wconf 84' lang='lat' dir='ltr'>integrale</span> <span class='ocrx_word' id='word_1_9' title='bbox 896 266 978 323; x_wconf 85' lang='lat' dir='ltr'>ope</span> <span class='ocrx_word' id='word_1_10' title='bbox 1031 269 1373 322; x_wconf 81' lang='lat' dir='ltr'>multiplicatoris</span> <span class='ocrx_word' id='word_1_11' title='bbox 1424 273 1591 316; x_wconf 68' lang='lat' dir='ltr'>cofiaz</span> <span class='ocrx_word' id='word_1_12' title='bbox 1646 275 1760 318; x_wconf 68' lang='lat' dir='ltr'>facin</span> 
     </span>
     <span class='ocr_line' id='line_1_3' title="bbox 287 332 1763 396; baseline -0.002 -12"><span class='ocrx_word' id='word_1_13' title='bbox 287 343 465 396; x_wconf 77' lang='lat' dir='ltr'>negotio</span> <span class='ocrx_word' id='word_1_14' title='bbox 500 337 672 378; x_wconf 86' lang='lat' dir='ltr'>eruitur.</span> <span class='ocrx_word' id='word_1_15' title='bbox 741 332 909 383; x_wconf 87' lang='lat' dir='ltr'>Verum</span> <span class='ocrx_word' id='word_1_16' title='bbox 944 333 974 373; x_wconf 88' lang='lat' dir='ltr'><strong>fi</strong></span> <span class='ocrx_word' id='word_1_17' title='bbox 1008 336 1051 374; x_wconf 88' lang='lat' dir='ltr'>in</span> <span class='ocrx_word' id='word_1_18' title='bbox 1104 343 1220 388; x_wconf 81' lang='lat' dir='ltr'>parte</span> <span class='ocrx_word' id='word_1_19' title='bbox 1273 335 1422 374; x_wconf 84' lang='lat' dir='ltr'>dextra</span> <span class='ocrx_word' id='word_1_20' title='bbox 1472 337 1589 388; x_wconf 86' lang='lat' dir='ltr'>plura</span> <span class='ocrx_word' id='word_1_21' title='bbox 1637 339 1763 380; x_wconf 88' lang='lat' dir='ltr'>huius</span> 
     </span>
     <span class='ocr_line' id='line_1_4' title="bbox 288 397 1764 450; baseline -0.005 -4"><span class='ocrx_word' id='word_1_22' title='bbox 288 406 449 446; x_wconf 74' lang='lat' dir='ltr'>formae</span> <span class='ocrx_word' id='word_1_23' title='bbox 486 399 678 440; x_wconf 87' lang='lat' dir='ltr'>membra</span> <span class='ocrx_word' id='word_1_24' title='bbox 711 397 957 439; x_wconf 78' lang='lat' dir='ltr'>variabilem</span> <span class='ocrx_word' id='word_1_25' title='bbox 993 411 1019 439; x_wconf 91' lang='lat' dir='ltr'><em>z</em></span> <span class='ocrx_word' id='word_1_26' title='bbox 1067 397 1328 438; x_wconf 86' lang='lat' dir='ltr'>inuolucntia</span> <span class='ocrx_word' id='word_1_27' title='bbox 1383 400 1609 450; x_wconf 79' lang='lat' dir='ltr'>accedant,</span> <span class='ocrx_word' id='word_1_28' title='bbox 1660 404 1764 444; x_wconf 74' lang='lat' dir='ltr'>haec</span> 
     </span>
     <span class='ocr_line' id='line_1_5' title="bbox 287 462 1762 518; baseline -0.001 -10"><span class='ocrx_word' id='word_1_29' title='bbox 287 466 513 518; x_wconf 76' lang='lat' dir='ltr'>integratio</span> <span class='ocrx_word' id='word_1_30' title='bbox 550 463 682 516; x_wconf 82' lang='lat' dir='ltr'>magis</span> <span class='ocrx_word' id='word_1_31' title='bbox 719 463 934 518; x_wconf 80' lang='lat' dir='ltr'>magisque</span> <span class='ocrx_word' id='word_1_32' title='bbox 969 472 1297 517; x_wconf 75' lang='lat' dir='ltr'>praegrauatur3</span> <span class='ocrx_word' id='word_1_33' title='bbox 1330 462 1440 502; x_wconf 88' lang='lat' dir='ltr'>vnde</span> <span class='ocrx_word' id='word_1_34' title='bbox 1475 462 1585 502; x_wconf 86' lang='lat' dir='ltr'>haud</span> <span class='ocrx_word' id='word_1_35' title='bbox 1616 466 1762 507; x_wconf 86' lang='lat' dir='ltr'>inutile</span> 
     </span>
     <span class='ocr_line' id='line_1_6' title="bbox 289 518 1767 581; baseline -0.001 -11"><span class='ocrx_word' id='word_1_36' title='bbox 289 531 371 571; x_wconf 88' lang='lat' dir='ltr'>erit</span> <span class='ocrx_word' id='word_1_37' title='bbox 409 518 658 569; x_wconf 77' lang='lat' dir='ltr'>methodum</span> <span class='ocrx_word' id='word_1_38' title='bbox 695 539 940 580; x_wconf 81' lang='lat' dir='ltr'>exponere,</span> <span class='ocrx_word' id='word_1_39' title='bbox 981 539 1065 580; x_wconf 84' lang='lat' dir='ltr'>qua</span> <span class='ocrx_word' id='word_1_40' title='bbox 1101 525 1322 578; x_wconf 87' lang='lat' dir='ltr'>integralia</span> <span class='ocrx_word' id='word_1_41' title='bbox 1357 525 1506 566; x_wconf 85' lang='lat' dir='ltr'>talium</span> <span class='ocrx_word' id='word_1_42' title='bbox 1553 531 1767 581; x_wconf 82' lang='lat' dir='ltr'>aequatio-</span> 
     </span>
     <span class='ocr_line' id='line_1_7' title="bbox 290 588 1766 643; baseline -0.002 -8"><span class='ocrx_word' id='word_1_43' title='bbox 290 606 393 635; x_wconf 89' lang='lat' dir='ltr'>num</span> <span class='ocrx_word' id='word_1_44' title='bbox 429 591 771 633; x_wconf 71' lang='lat' dir='ltr'>differentialium</span> <span class='ocrx_word' id='word_1_45' title='bbox 809 589 976 630; x_wconf 84' lang='lat' dir='ltr'>secundi</span> <span class='ocrx_word' id='word_1_46' title='bbox 1010 591 1160 642; x_wconf 85' lang='lat' dir='ltr'>gradus</span> <span class='ocrx_word' id='word_1_47' title='bbox 1205 602 1284 642; x_wconf 93' lang='lat' dir='ltr'>pro</span> <span class='ocrx_word' id='word_1_48' title='bbox 1319 588 1509 643; x_wconf 90' lang='lat' dir='ltr'>quolibet</span> <span class='ocrx_word' id='word_1_49' title='bbox 1551 591 1766 632; x_wconf 90' lang='lat' dir='ltr'>membro-</span> 
     </span>
     <span class='ocr_line' id='line_1_8' title="bbox 292 644 1075 707; baseline -0.01 -7"><span class='ocrx_word' id='word_1_50' title='bbox 292 671 387 700; x_wconf 85' lang='lat' dir='ltr'>rum</span> <span class='ocrx_word' id='word_1_51' title='bbox 425 669 605 698; x_wconf 85' lang='lat' dir='ltr'>numero</span> <span class='ocrx_word' id='word_1_52' title='bbox 638 644 874 707; x_wconf 76' lang='lat' dir='ltr'>inuestigari</span> <span class='ocrx_word' id='word_1_53' title='bbox 909 662 1075 707; x_wconf 78' lang='lat' dir='ltr'>queant.</span> 
     </span>
    </p>
   </div>
   <div class='ocr_carea' id='block_1_3' title="bbox 294 748 1767 859">
    <p class='ocr_par' dir='ltr' id='par_1_3' title="bbox 294 748 1767 859">
     <span class='ocr_line' id='line_1_9' title="bbox 446 748 1767 806; baseline -0.002 -13"><span class='ocrx_word' id='word_1_54' title='bbox 446 756 480 803; x_wconf 66' lang='grc' dir='ltr'>ξ.</span> <span class='ocrx_word' id='word_1_55' title='bbox 521 764 560 800; x_wconf 83' lang='grc'>3.</span> <span class='ocrx_word' id='word_1_56' title='bbox 629 751 691 793; x_wconf 90' lang='lat' dir='ltr'>Sit</span> <span class='ocrx_word' id='word_1_57' title='bbox 726 750 854 806; x_wconf 85' lang='lat' dir='ltr'>igitur</span> <span class='ocrx_word' id='word_1_58' title='bbox 887 749 1101 804; x_wconf 87' lang='lat' dir='ltr'>propofita</span> <span class='ocrx_word' id='word_1_59' title='bbox 1134 748 1237 790; x_wconf 90' lang='lat' dir='ltr'>haec</span> <span class='ocrx_word' id='word_1_60' title='bbox 1273 749 1470 802; x_wconf 87' lang='lat' dir='ltr'>aequatio</span> <span class='ocrx_word' id='word_1_61' title='bbox 1505 749 1767 791; x_wconf 79' lang='lat' dir='ltr'>differentio-</span> 
     </span>
     <span class='ocr_line' id='line_1_10' title="bbox 294 815 612 859; baseline -0.016 0"><span class='ocrx_word' id='word_1_62' title='bbox 294 815 582 859; x_wconf 71' lang='lat' dir='ltr'>differentialis</span> <span class='ocrx_word' id='word_1_63' title='bbox 603 829 612 854; x_wconf 79' lang='lat' dir='ltr'><em>z</em></span> 
     </span>
    </p>
   </div>
   <div class='ocr_carea' id='block_1_4' title="bbox 449 884 1107 931">
    <p class='ocr_par' dir='ltr' id='par_1_4' title="bbox 449 884 1107 931">
     <span class='ocr_line' id='line_1_11' title="bbox 449 884 1107 931; baseline -0.002 -5"><span class='ocrx_word' id='word_1_64' title='bbox 449 884 1107 931; x_wconf 62' lang='lat' dir='ltr'>ddt÷aatdz²zodz²</span> 
     </span>
    </p>
   </div>
   <div class='ocr_carea' id='block_1_5' title="bbox 297 953 1774 1074">
    <p class='ocr_par' dir='ltr' id='par_1_5' title="bbox 297 953 1774 1074">
     <span class='ocr_line' id='line_1_12' title="bbox 297 953 1774 1008; baseline 0.001 -11"><span class='ocrx_word' id='word_1_65' title='bbox 297 956 370 997; x_wconf 86' lang='lat' dir='ltr'>vbi</span> <span class='ocrx_word' id='word_1_66' title='bbox 409 958 447 996; x_wconf 92' lang='grc' dir='ltr'>Θ</span> <span class='ocrx_word' id='word_1_67' title='bbox 486 956 676 996; x_wconf 81' lang='lat' dir='ltr'>&#39;denotat</span> <span class='ocrx_word' id='word_1_68' title='bbox 728 957 991 998; x_wconf 62' lang='lat' dir='ltr'>functionem</span> <span class='ocrx_word' id='word_1_69' title='bbox 1028 967 1322 1007; x_wconf 84' lang='lat' dir='ltr'>quamcunque</span> <span class='ocrx_word' id='word_1_70' title='bbox 1366 953 1491 1007; x_wconf 78' lang='lat' dir='ltr'>ipsius</span> <span class='ocrx_word' id='word_1_71' title='bbox 1541 967 1600 1008; x_wconf 79' lang='lat' dir='ltr'>z3</span> <span class='ocrx_word' id='word_1_72' title='bbox 1652 964 1693 996; x_wconf 83' lang='lat' dir='ltr'>at</span> <span class='ocrx_word' id='word_1_73' title='bbox 1743 956 1774 998; x_wconf 88' lang='lat' dir='ltr'>fi</span> 
     </span>
     <span class='ocr_line' id='line_1_13' title="bbox 299 1018 1291 1074; baseline -0.006 -12"><span class='ocrx_word' id='word_1_74' title='bbox 299 1021 595 1074; x_wconf 79' lang='lat' dir='ltr'>aequationem</span> <span class='ocrx_word' id='word_1_75' title='bbox 631 1020 703 1061; x_wconf 88' lang='lat' dir='ltr'>tali</span> <span class='ocrx_word' id='word_1_76' title='bbox 738 1021 867 1061; x_wconf 91' lang='lat' dir='ltr'>modo</span> <span class='ocrx_word' id='word_1_77' title='bbox 902 1018 1291 1072; x_wconf 84' lang='lat' dir='ltr'>repraesentemus:</span> 
     </span>
    </p>
   </div>
   <div class='ocr_carea' id='block_1_6' title="bbox 489 1083 952 1137">
    <p class='ocr_par' dir='ltr' id='par_1_6' title="bbox 489 1083 952 1137">
     <span class='ocr_line' id='line_1_14' title="bbox 489 1083 952 1137; baseline -0.004 -7"><span class='ocrx_word' id='word_1_78' title='bbox 489 1083 952 1137; x_wconf 50' lang='lat' dir='ltr'>⁶³&#39;÷aat:(·3‚</span> 
     </span>
    </p>
   </div>
   <div class='ocr_carea' id='block_1_7' title="bbox 501 1131 559 1148">
    <p class='ocr_par' dir='ltr' id='par_1_7' title="bbox 501 1131 559 1148">
     <span class='ocr_line' id='line_1_15' title="bbox 501 1131 559 1148; baseline -0.017 0"><span class='ocrx_word' id='word_1_79' title='bbox 501 1131 559 1148; x_wconf 67' lang='lat' dir='ltr'>az*</span> 
     </span>
    </p>
   </div>
   <div class='ocr_carea' id='block_1_8' title="bbox 298 1162 1780 1346">
    <p class='ocr_par' dir='ltr' id='par_1_8' title="bbox 298 1162 1780 1346">
     <span class='ocr_line' id='line_1_16' title="bbox 298 1162 1780 1219; baseline -0.001 -12"><span class='ocrx_word' id='word_1_80' title='bbox 298 1167 438 1208; x_wconf 84' lang='lat' dir='ltr'>statim</span> <span class='ocrx_word' id='word_1_81' title='bbox 474 1166 755 1219; x_wconf 81' lang='lat' dir='ltr'>intelligitur,</span> <span class='ocrx_word' id='word_1_82' title='bbox 791 1174 954 1218; x_wconf 88' lang='lat' dir='ltr'>partem</span> <span class='ocrx_word' id='word_1_83' title='bbox 994 1164 1193 1205; x_wconf 82' lang='lat' dir='ltr'>sinistram</span> <span class='ocrx_word' id='word_1_84' title='bbox 1229 1162 1387 1216; x_wconf 84' lang='lat' dir='ltr'>duplici</span> <span class='ocrx_word' id='word_1_85' title='bbox 1424 1164 1553 1204; x_wconf 87' lang='lat' dir='ltr'>modo</span> <span class='ocrx_word' id='word_1_86' title='bbox 1597 1164 1780 1218; x_wconf 86' lang='lat' dir='ltr'>integra-</span> 
     </span>
     <span class='ocr_line' id='line_1_17' title="bbox 300 1227 1779 1282; baseline -0.001 -11"><span class='ocrx_word' id='word_1_87' title='bbox 300 1230 428 1271; x_wconf 89' lang='lat' dir='ltr'>bilem</span> <span class='ocrx_word' id='word_1_88' title='bbox 467 1230 582 1270; x_wconf 90' lang='lat' dir='ltr'>reddi</span> <span class='ocrx_word' id='word_1_89' title='bbox 618 1230 760 1282; x_wconf 83' lang='lat' dir='ltr'>poss‘e,</span> <span class='ocrx_word' id='word_1_90' title='bbox 820 1228 921 1268; x_wconf 89' lang='lat' dir='ltr'>dum</span> <span class='ocrx_word' id='word_1_91' title='bbox 959 1228 1114 1268; x_wconf 86' lang='lat' dir='ltr'>scilicet</span> <span class='ocrx_word' id='word_1_92' title='bbox 1152 1227 1220 1267; x_wconf 88' lang='lat' dir='ltr'>vel</span> <span class='ocrx_word' id='word_1_93' title='bbox 1255 1240 1330 1279; x_wconf 90' lang='lat' dir='ltr'>per</span> <span class='ocrx_word' id='word_1_94' title='bbox 1381 1228 1450 1267; x_wconf 87' lang='lat' dir='ltr'>fin.</span> <span class='ocrx_word' id='word_1_95' title='bbox 1473 1241 1542 1268; x_wconf 85' lang='lat' dir='ltr'>az</span> <span class='ocrx_word' id='word_1_96' title='bbox 1587 1229 1654 1269; x_wconf 89' lang='lat' dir='ltr'>vel</span> <span class='ocrx_word' id='word_1_97' title='bbox 1704 1242 1779 1282; x_wconf 89' lang='lat' dir='ltr'>per</span> 
     </span>
     <span class='ocr_line' id='line_1_18' title="bbox 302 1289 1779 1346; baseline -0.002 -11"><span class='ocrx_word' id='word_1_98' title='bbox 302 1295 475 1335; x_wconf 68' lang='lat' dir='ltr'>cofiaz</span> <span class='ocrx_word' id='word_1_99' title='bbox 513 1293 827 1344; x_wconf 85' lang='lat' dir='ltr'>multiplicatur.</span> <span class='ocrx_word' id='word_1_100' title='bbox 905 1289 1099 1329; x_wconf 84' lang='lat' dir='ltr'>Ducatur</span> <span class='ocrx_word' id='word_1_101' title='bbox 1143 1291 1272 1341; x_wconf 83' lang='lat' dir='ltr'>igitur</span> <span class='ocrx_word' id='word_1_102' title='bbox 1323 1292 1515 1343; x_wconf 85' lang='lat' dir='ltr'>aequatio</span> <span class='ocrx_word' id='word_1_103' title='bbox 1565 1293 1779 1346; x_wconf 83' lang='lat' dir='ltr'>propofita</span> 
     </span>
    </p>
   </div>
   <div class='ocr_carea' id='block_1_9' title="bbox 302 1353 1777 1462">
    <p class='ocr_par' dir='ltr' id='par_1_9' title="bbox 302 1353 1777 1462">
     <span class='ocr_line' id='line_1_19' title="bbox 302 1353 1777 1413; baseline 0 -17"><span class='ocrx_word' id='word_1_104' title='bbox 302 1359 444 1413; x_wconf 85' lang='lat' dir='ltr'>primo</span> <span class='ocrx_word' id='word_1_105' title='bbox 481 1356 523 1394; x_wconf 85' lang='lat' dir='ltr'>in</span> <span class='ocrx_word' id='word_1_106' title='bbox 559 1355 628 1395; x_wconf 87' lang='lat' dir='ltr'>dz</span> <span class='ocrx_word' id='word_1_107' title='bbox 650 1354 732 1394; x_wconf 91' lang='lat' dir='ltr'>cos.</span> <span class='ocrx_word' id='word_1_108' title='bbox 754 1367 823 1394; x_wconf 82' lang='lat' dir='ltr'>az</span> <span class='ocrx_word' id='word_1_109' title='bbox 852 1382 863 1401; x_wconf 92' lang='lat'>,</span> <span class='ocrx_word' id='word_1_110' title='bbox 899 1361 942 1392; x_wconf 89' lang='lat' dir='ltr'>et</span> <span class='ocrx_word' id='word_1_111' title='bbox 974 1353 1197 1405; x_wconf 85' lang='lat' dir='ltr'>integratio</span> <span class='ocrx_word' id='word_1_112' title='bbox 1230 1353 1445 1405; x_wconf 87' lang='lat' dir='ltr'>praebebit</span> <span class='ocrx_word' id='word_1_113' title='bbox 1478 1355 1587 1397; x_wconf 88' lang='lat' dir='ltr'>hanc</span> <span class='ocrx_word' id='word_1_114' title='bbox 1626 1369 1777 1408; x_wconf 83' lang='lat' dir='ltr'>aequa-</span> 
     </span>
     <span class='ocr_line' id='line_1_20' title="bbox 302 1432 504 1462; baseline -0.02 0"><span class='ocrx_word' id='word_1_115' title='bbox 302 1432 465 1462; x_wconf 78' lang='lat' dir='ltr'>tionem</span> <span class='ocrx_word' id='word_1_116' title='bbox 495 1433 504 1458; x_wconf 79' lang='lat' dir='ltr'>z</span> 
     </span>
    </p>
   </div>
   <div class='ocr_carea' id='block_1_10' title="bbox 316 1481 1477 1549">
    <p class='ocr_par' dir='ltr' id='par_1_10' title="bbox 316 1481 1477 1549">
     <span class='ocr_line' id='line_1_21' title="bbox 316 1481 1477 1549; baseline -0.002 -19"><span class='ocrx_word' id='word_1_117' title='bbox 316 1490 402 1530; x_wconf 73' lang='grc'>’1.</span> <span class='ocrx_word' id='word_1_118' title='bbox 440 1481 1477 1549; x_wconf 54' lang='grc' dir='ltr'>ᾗ-ἑεοίῖακ-ι-αιίῑη.αΖΞῘΘτίκεοίῖαΖ.</span> 
     </span>
    </p>
   </div>
   <div class='ocr_carea' id='block_1_11' title="bbox 303 1564 1781 1673">
    <p class='ocr_par' dir='ltr' id='par_1_11' title="bbox 303 1564 1781 1673">
     <span class='ocr_line' id='line_1_22' title="bbox 303 1564 1781 1622; baseline -0.001 -13"><span class='ocrx_word' id='word_1_119' title='bbox 303 1567 425 1609; x_wconf 88' lang='lat' dir='ltr'>Tum</span> <span class='ocrx_word' id='word_1_120' title='bbox 461 1578 564 1606; x_wconf 83' lang='lat' dir='ltr'>vero</span> <span class='ocrx_word' id='word_1_121' title='bbox 599 1565 921 1620; x_wconf 87' lang='lat' dir='ltr'>multiplicando</span> <span class='ocrx_word' id='word_1_122' title='bbox 955 1578 1028 1618; x_wconf 89' lang='lat' dir='ltr'>per</span> <span class='ocrx_word' id='word_1_123' title='bbox 1063 1564 1285 1606; x_wconf 78' lang='lat' dir='ltr'>dzsin.az</span> <span class='ocrx_word' id='word_1_124' title='bbox 1322 1575 1363 1605; x_wconf 90' lang='lat' dir='ltr'>et</span> <span class='ocrx_word' id='word_1_125' title='bbox 1396 1566 1650 1620; x_wconf 85' lang='lat' dir='ltr'>integrando</span> <span class='ocrx_word' id='word_1_126' title='bbox 1677 1580 1781 1622; x_wconf 86' lang='lat' dir='ltr'>pro-</span> 
     </span>
     <span class='ocr_line' id='line_1_23' title="bbox 308 1630 582 1673; baseline -0.018 0"><span class='ocrx_word' id='word_1_127' title='bbox 308 1631 416 1673; x_wconf 85' lang='lat' dir='ltr'>dibit</span> <span class='ocrx_word' id='word_1_128' title='bbox 451 1630 582 1670; x_wconf 86' lang='lat' dir='ltr'>haec:</span> 
     </span>
    </p>
   </div>
   <div class='ocr_carea' id='block_1_12' title="bbox 374 1693 1453 1760">
    <p class='ocr_par' dir='ltr' id='par_1_12' title="bbox 374 1693 1453 1760">
     <span class='ocr_line' id='line_1_24' title="bbox 374 1693 1453 1760; baseline 0 -18"><span class='ocrx_word' id='word_1_129' title='bbox 374 1701 430 1742; x_wconf 88' lang='lat'>11.</span> <span class='ocrx_word' id='word_1_130' title='bbox 464 1693 1453 1760; x_wconf 37' lang='lat' dir='ltr'>&amp;limaz—atcofiazzsOdzfin.az</span> 
     </span>
    </p>
   </div>
   <div class='ocr_carea' id='block_1_13' title="bbox 309 1777 1780 2097">
    <p class='ocr_par' dir='ltr' id='par_1_13' title="bbox 309 1777 1780 2097">
     <span class='ocr_line' id='line_1_25' title="bbox 309 1777 1777 1832; baseline -0.003 -12"><span class='ocrx_word' id='word_1_131' title='bbox 309 1779 368 1820; x_wconf 86' lang='lat' dir='ltr'>ita</span> <span class='ocrx_word' id='word_1_132' title='bbox 403 1788 453 1819; x_wconf 82' lang='lat' dir='ltr'>vt</span> <span class='ocrx_word' id='word_1_133' title='bbox 486 1780 568 1818; x_wconf 87' lang='lat' dir='ltr'>iam</span> <span class='ocrx_word' id='word_1_134' title='bbox 604 1778 703 1818; x_wconf 83' lang='lat' dir='ltr'>duas</span> <span class='ocrx_word' id='word_1_135' title='bbox 741 1778 847 1817; x_wconf 66' lang='lat' dir='ltr'>nacti</span> <span class='ocrx_word' id='word_1_136' title='bbox 870 1777 993 1816; x_wconf 86' lang='lat' dir='ltr'>fimus</span> <span class='ocrx_word' id='word_1_137' title='bbox 1014 1777 1283 1829; x_wconf 76' lang='lat' dir='ltr'>aequationes</span> <span class='ocrx_word' id='word_1_138' title='bbox 1320 1778 1612 1819; x_wconf 83' lang='lat' dir='ltr'>differentiales</span> <span class='ocrx_word' id='word_1_139' title='bbox 1648 1777 1777 1832; x_wconf 89' lang='lat' dir='ltr'>primi</span> 
     </span>
     <span class='ocr_line' id='line_1_26' title="bbox 311 1840 1780 1897; baseline -0.001 -15"><span class='ocrx_word' id='word_1_140' title='bbox 311 1843 494 1897; x_wconf 83' lang='lat' dir='ltr'>gradus,</span> <span class='ocrx_word' id='word_1_141' title='bbox 529 1853 583 1880; x_wconf 90' lang='lat' dir='ltr'>ex</span> <span class='ocrx_word' id='word_1_142' title='bbox 619 1854 793 1893; x_wconf 88' lang='lat' dir='ltr'>quarum</span> <span class='ocrx_word' id='word_1_143' title='bbox 837 1841 1035 1881; x_wconf 86' lang='lat' dir='ltr'>alterutra</span> <span class='ocrx_word' id='word_1_144' title='bbox 1080 1840 1247 1892; x_wconf 87' lang='lat' dir='ltr'>quidem</span> <span class='ocrx_word' id='word_1_145' title='bbox 1302 1843 1450 1882; x_wconf 88' lang='lat' dir='ltr'>iterata</span> <span class='ocrx_word' id='word_1_146' title='bbox 1502 1844 1780 1896; x_wconf 66' lang='lat' dir='ltr'>integrativne</span> 
     </span>
     <span class='ocr_line' id='line_1_27' title="bbox 310 1898 1777 1958; baseline -0.001 -12"><span class='ocrx_word' id='word_1_147' title='bbox 310 1907 431 1947; x_wconf 80' lang='lat' dir='ltr'>valor</span> <span class='ocrx_word' id='word_1_148' title='bbox 466 1904 674 1957; x_wconf 84' lang='lat' dir='ltr'>integralis</span> <span class='ocrx_word' id='word_1_149' title='bbox 696 1914 712 1946; x_wconf 79' lang='lat' dir='ltr'>t</span> <span class='ocrx_word' id='word_1_150' title='bbox 743 1905 877 1945; x_wconf 86' lang='lat' dir='ltr'>statim</span> <span class='ocrx_word' id='word_1_151' title='bbox 897 1898 986 1944; x_wconf 81' lang='lat' dir='ltr'>erui</span> <span class='ocrx_word' id='word_1_152' title='bbox 1006 1904 1159 1957; x_wconf 76' lang='lat' dir='ltr'>posset3</span> <span class='ocrx_word' id='word_1_153' title='bbox 1184 1916 1331 1946; x_wconf 88' lang='lat' dir='ltr'>verum</span> <span class='ocrx_word' id='word_1_154' title='bbox 1351 1905 1433 1946; x_wconf 89' lang='lat' dir='ltr'>hoc</span> <span class='ocrx_word' id='word_1_155' title='bbox 1452 1905 1630 1947; x_wconf 87' lang='lat' dir='ltr'>faciliori</span> <span class='ocrx_word' id='word_1_156' title='bbox 1651 1918 1777 1958; x_wconf 82' lang='lat' dir='ltr'>nego-</span> 
     </span>
     <span class='ocr_line' id='line_1_28' title="bbox 314 1967 1778 2031; baseline -0.001 -21"><span class='ocrx_word' id='word_1_157' title='bbox 314 1972 377 2011; x_wconf 88' lang='lat' dir='ltr'>tio</span> <span class='ocrx_word' id='word_1_158' title='bbox 413 1968 681 2023; x_wconf 82' lang='lat' dir='ltr'>adipiscitur,</span> <span class='ocrx_word' id='word_1_159' title='bbox 717 1969 824 2009; x_wconf 84' lang='lat' dir='ltr'>binis</span> <span class='ocrx_word' id='word_1_160' title='bbox 860 1969 918 2008; x_wconf 90' lang='lat' dir='ltr'>ita</span> <span class='ocrx_word' id='word_1_161' title='bbox 953 1967 1220 2017; x_wconf 75' lang='lat' dir='ltr'>combinatis,</span> <span class='ocrx_word' id='word_1_162' title='bbox 1254 1980 1302 2010; x_wconf 87' lang='lat' dir='ltr'>vt</span> <span class='ocrx_word' id='word_1_163' title='bbox 1335 1968 1626 2011; x_wconf 84' lang='lat' dir='ltr'>differentialia</span> <span class='ocrx_word' id='word_1_164' title='bbox 1657 1968 1696 2031; x_wconf 52' lang='grc' dir='ltr'>(ἕ</span> <span class='ocrx_word' id='word_1_165' title='bbox 1739 1967 1778 2006; x_wconf 88' lang='lat' dir='ltr'>se</span> 
     </span>
     <span class='ocr_line' id='line_1_29' title="bbox 315 2041 1780 2097; baseline -0.002 -13"><span class='ocrx_word' id='word_1_166' title='bbox 315 2053 466 2084; x_wconf 91' lang='lat' dir='ltr'>mutuo</span> <span class='ocrx_word' id='word_1_167' title='bbox 505 2042 689 2091; x_wconf 81' lang='lat' dir='ltr'>tollant,</span> <span class='ocrx_word' id='word_1_168' title='bbox 726 2043 891 2097; x_wconf 88' lang='lat' dir='ltr'>solaque</span> <span class='ocrx_word' id='word_1_169' title='bbox 926 2041 1132 2082; x_wconf 81' lang='lat' dir='ltr'>variabilis</span> <span class='ocrx_word' id='word_1_170' title='bbox 1169 2041 1285 2083; x_wconf 85' lang='lat' dir='ltr'>finita</span> <span class='ocrx_word' id='word_1_171' title='bbox 1321 2053 1338 2084; x_wconf 82' lang='lat' dir='ltr'>t</span> <span class='ocrx_word' id='word_1_172' title='bbox 1371 2044 1414 2083; x_wconf 89' lang='lat' dir='ltr'>in</span> <span class='ocrx_word' id='word_1_173' title='bbox 1449 2043 1609 2084; x_wconf 82' lang='lat' dir='ltr'>calculo</span> <span class='ocrx_word' id='word_1_174' title='bbox 1652 2042 1780 2083; x_wconf 86' lang='lat' dir='ltr'>relin-</span> 
     </span>
    </p>
   </div>
   <div class='ocr_carea' id='block_1_14' title="bbox 316 2105 1782 2286">
    <p class='ocr_par' dir='ltr' id='par_1_14' title="bbox 316 2105 1782 2286">
     <span class='ocr_line' id='line_1_30' title="bbox 316 2105 1773 2161; baseline -0.001 -14"><span class='ocrx_word' id='word_1_175' title='bbox 316 2117 489 2159; x_wconf 84' lang='lat' dir='ltr'>quatur,</span> <span class='ocrx_word' id='word_1_176' title='bbox 532 2107 643 2159; x_wconf 91' lang='lat' dir='ltr'>quod</span> <span class='ocrx_word' id='word_1_177' title='bbox 678 2105 755 2155; x_wconf 87' lang='lat' dir='ltr'>fit,</span> <span class='ocrx_word' id='word_1_178' title='bbox 794 2108 978 2160; x_wconf 85' lang='lat' dir='ltr'>priorem</span> <span class='ocrx_word' id='word_1_179' title='bbox 1022 2118 1096 2158; x_wconf 88' lang='lat' dir='ltr'>per</span> <span class='ocrx_word' id='word_1_180' title='bbox 1134 2106 1323 2155; x_wconf 62' lang='lat' dir='ltr'>maz,</span> <span class='ocrx_word' id='word_1_181' title='bbox 1359 2108 1633 2161; x_wconf 83' lang='lat' dir='ltr'>posteriorem</span> <span class='ocrx_word' id='word_1_182' title='bbox 1673 2118 1773 2146; x_wconf 88' lang='lat' dir='ltr'>vero</span> 
     </span>
     <span class='ocr_line' id='line_1_31' title="bbox 318 2168 1782 2224; baseline 0.001 -17"><span class='ocrx_word' id='word_1_183' title='bbox 318 2181 394 2222; x_wconf 85' lang='lat' dir='ltr'>per</span> <span class='ocrx_word' id='word_1_184' title='bbox 429 2169 596 2209; x_wconf 87' lang='lat' dir='ltr'>cos.az</span> <span class='ocrx_word' id='word_1_185' title='bbox 634 2169 974 2224; x_wconf 85' lang='lat' dir='ltr'>multiplicando:</span> <span class='ocrx_word' id='word_1_186' title='bbox 1018 2168 1259 2212; x_wconf 83' lang='lat' dir='ltr'>differentia·</span> <span class='ocrx_word' id='word_1_187' title='bbox 1309 2172 1423 2213; x_wconf 88' lang='lat' dir='ltr'>enim</span> <span class='ocrx_word' id='word_1_188' title='bbox 1474 2170 1628 2212; x_wconf 86' lang='lat' dir='ltr'>horum</span> <span class='ocrx_word' id='word_1_189' title='bbox 1680 2181 1782 2224; x_wconf 86' lang='lat' dir='ltr'>pro-</span> 
     </span>
     <span class='ocr_line' id='line_1_32' title="bbox 322 2231 1250 2286; baseline 0.004 -15"><span class='ocrx_word' id='word_1_190' title='bbox 322 2232 546 2271; x_wconf 63' lang='lat' dir='ltr'>ductorum</span> <span class='ocrx_word' id='word_1_191' title='bbox 584 2233 753 2285; x_wconf 87' lang='lat' dir='ltr'>praebet</span> <span class='ocrx_word' id='word_1_192' title='bbox 787 2231 985 2286; x_wconf 83' lang='lat' dir='ltr'>integrale</span> <span class='ocrx_word' id='word_1_193' title='bbox 1021 2234 1250 2284; x_wconf 69' lang='lat' dir='ltr'>quaesitum</span> 
     </span>
    </p>
   </div>
   <div class='ocr_carea' id='block_1_15' title="bbox 418 2301 1785 2416">
    <p class='ocr_par' dir='ltr' id='par_1_15' title="bbox 418 2301 1785 2416">
     <span class='ocr_line' id='line_1_33' title="bbox 418 2301 1740 2362; baseline 0 -21"><span class='ocrx_word' id='word_1_194' title='bbox 418 2301 1740 2362; x_wconf 52' lang='lat' dir='ltr'>tzsssumzzs&amp;dzcossaz-gcofiazsssdzsmaz.</span> 
     </span>
     <span class='ocr_line' id='line_1_34' title="bbox 1673 2368 1785 2416; baseline -0.009 -9"><span class='ocrx_word' id='word_1_195' title='bbox 1673 2368 1785 2416; x_wconf 46' lang='lat' dir='ltr'>§.qn</span> 
     </span>
    </p>
   </div>
   <div class='ocr_carea' id='block_1_16' title="bbox 492 1117 575 1122">
    <p class='ocr_par' dir='ltr' id='par_1_16' title="bbox 492 1117 575 1122">
     <span class='ocr_line' id='line_1_35' title="bbox 492 1117 575 1122; baseline 0 0"><span class='ocrx_word' id='word_1_196' title='bbox 492 1117 575 1122; x_wconf 95' lang='lat' dir='ltr'> </span> 
     </span>
    </p>
   </div>
  </div>
 </body>
</html>
