1992 2756
775 128 894 178 »ets
960 120 974 179 )
1015 132 1103 170 218
1143 122 1159 181 (
1225 126 1341 177 &tes-w

321 242 592 299 copiofiffime
614 237 719 291 apud
742 247 816 277 nos
837 250 934 278 cum
956 238 1105 280 offibus
1125 236 1178 279 fic
1198 239 1317 280 dic'tis
1351 239 1604 284 mamonteis³
1631 244 1790 299 reperi-⁶

321 312 434 359 unffi,
454 317 599 347 omnes
620 301 901 355 elephantinis
921 304 1161 344 recentibus
1183 303 1398 356 simillimi,
1414 306 1560 347 tabulis
1580 310 1788 361 parallelis

326 375 508 414 alternae
528 367 770 408 substantiae
793 368 835 406 in
856 368 1025 409 massam
1046 369 1162 409 varie
1192 368 1380 423 oblongo
1410 374 1702 425 compressam,
1734 375 1798 415 sua

322 450 396 492 pra
439 430 800 486 detrito-planam
839 430 1205 474 confertuminatis
1241 435 1646 490 compofiti‚‚plane
1682 438 1800 480 nullo

323 498 451 541 modo
470 496 734 538 Americanis
754 493 932 538 Huntero
954 497 1183 553 descriptis,
1202 498 1272 539 vel
1292 501 1401 553 apud
1431 510 1505 541 nos
1534 513 1631 541 raro
1650 510 1800 542 exem·

322 565 393 619 plo
416 563 603 612 detectis,
634 573 816 615 quorum
841 562 1002 603 causam
1025 565 1107 616 egi,
1137 562 1232 604 sunt
1260 565 1578 618 comparabiles,
1608 565 1692 606 fiue
1729 579 1802 608 co«

322 641 452 670 ronae
488 626 872 668 conformationem
908 636 949 666 et
980 628 1312 669 continuitatem
1349 629 1415 670 seu
1450 630 1610 671 radices
1631 630 1802 684 species,

321 693 365 735 in
402 691 653 733 americanis
689 691 884 731 dentibus
922 690 1197 746 multiplices,
1234 693 1276 732 in
1313 692 1590 747 elephantinis
1627 686 1703 736 vix
1739 689 1803 737 di-

321 757 443 799 visas.
527 756 630 798 Non
664 768 765 809 ergo
801 754 1007 797 sufficeret
1051 755 1333 797 D'Aubentoni
1369 759 1593 809 assertum,
1632 760 1703 813 qui
1740 770 1805 801 ta·-

324 834 424 870 men
459 830 503 861 et
546 821 643 874 ipse,
687 832 732 859 os
769 820 939 861 femoris
978 821 1205 861 canadense
1241 821 1377 861 multo
1413 822 1576 861 cranius
1614 821 1802 864 breuius-

327 899 408 941 que
444 885 631 934 sibiricis,
666 884 830 926 differte
866 885 983 925 fassus
1022 886 1088 925 est.
1142 884 1294 937 Neque
1342 885 1443 925 ebur
1478 885 1609 926 fossile
1647 887 1802 929 nostras

326 949 582 1006 quandoque
617 949 795 989 adinstar
830 948 1076 988 Americani
1112 958 1358 987 contortum
1413 947 1559 1001 (quale
1595 950 1802 993 Humerus

325 1017 438 1055 inter
483 1013 742 1054 Sloaneanos
780 1012 991 1052 thesauros
1028 1011 1098 1050 sub
1136 1011 1268 1050 oculis
1304 1009 1478 1059 habuit,
1534 1024 1557 1052 a
1592 1012 1621 1052 Ι.
1658 1014 1749 1054 Bell
1782 1029 1806 1056 e

327 1076 480 1121 Sibiria
515 1075 692 1116 relatum
729 1084 856 1128 atque
892 1076 935 1114 in
970 1073 1082 1116 Afas
1118 1074 1314 1129 Parifim's
1354 1082 1489 1125 1727.
1521 1084 1565 1131 p.
1595 1089 1698 1126 309.
1737 1079 1809 1119 de<

326 1142 558 1196 scriptum,
614 1149 655 1180 et
696 1139 764 1180 cui
810 1138 941 1180 fimile
979 1152 1000 1179 e
1038 1139 1179 1179 nostro
1224 1151 1396 1193 quoque
1432 1140 1583 1181 Museo
1618 1134 1820 1183 excitaui

326 1204 523 1262 (Diffcrt.
561 1204 673 1246 citat.
706 1211 750 1258 p.
787 1200 921 1256 473.)
958 1203 1187 1257 quidquam
1224 1203 1388 1256 probat,
1428 1218 1560 1258 quum
1596 1207 1723 1247 etiam
1759 1208 1805 1248 in

327 1271 533 1313 Africano
578 1268 705 1309 ebore
749 1266 887 1308 venali
933 1267 1054 1307 huius
1103 1265 1457 1308 conformationis
1495 1271 1690 1324 exempla
1725 1272 1804 1312 ob·

331 1336 576 1380 seruantur,
612 1341 656 1372 et
689 1330 904 1387 descripsit
940 1330 1064 1373 Grew
1099 1331 1142 1370 in
1194 1328 1328 1385 Museo
1374 1331 1543 1386 Regalis
1577 1335 1805 1379 δοιίειαιίι

327 1407 367 1456 p.
407 1410 479 1449 31.
513 1396 614 1440 Tab.
651 1409 694 1447 4.

522 1525 606 1571 Pro
653 1536 768 1570 certo
802 1525 929 1582 igitur
964 1525 1014 1569 ab
1051 1524 1245 1569 omnibus
1266 1557 1277 1578 ,
1329 1529 1401 1583 qui
1436 1527 1544 1571 hanc
1581 1529 1804 1572 materiam

335 1593 584 1643 tractabunt,
621 1594 754 1648 accipi
787 1592 963 1633 vellem:
1000 1593 1084 1633 oss‘a
1111 1602 1403 1634 mammontea
1428 1595 1677 1644 nostratum,
1713 1593 1811 1636 vbia

336 1674 419 1715 que
462 1670 535 1714 per
571 1659 754 1699 Ruffiam
789 1667 911 1712 atque
940 1656 1137 1700 Sibiriam
1173 1658 1303 1714 sparsa
1339 1669 1382 1699 et
1417 1660 1502 1700 iam
1539 1658 1679 1702 effoffa
1714 1669 1805 1701 tan-

336 1734 383 1766 to
418 1724 563 1779 passim
599 1734 803 1772 numero,

402 1820 535 1883 Quem
570 1819 638 1874 qui
660 1818 769 1875 scire
804 1819 928 1870 velit,
963 1817 1107 1873 Lybici
1139 1819 1239 1862 velit
1273 1820 1461 1886 aequoris
1496 1819 1599 1864 idem

402 1917 567 1974 Discere
618 1928 736 1972 quam
786 1918 933 1961 multae
984 1915 1189 1973 Zephyris
1241 1919 1459 1962 turbantur
1510 1932 1691 1971 arenae,

341 2016 487 2057 omnia
523 2027 574 2056 ne
612 2012 840 2055 minimum
877 2014 1049 2068 quidem
1086 2012 1135 2055 ab
1172 2013 1448 2071 elephantinis
1484 1992 1681 2065 differre,
1734 2008 1803 2055 scd

340 2079 454 2120 sine
470 2080 588 2120 omni
634 2077 760 2120 dubio
794 2091 873 2134 pro
907 2075 1244 2133 Elephantorum
1279 2081 1321 2122 in
1357 2080 1542 2123 boreales
1578 2090 1709 2121 terras
1745 2079 1807 2118 in

343 2144 571 2184 undatione
606 2144 796 2184 violenta
831 2143 1116 2197 abreptorum‚
1153 2145 1421 2200 summisque·
1447 2143 1568 2188 fimul
1603 2144 1808 2186 subsiden-

344 2206 453 2249 tibus
506 2217 640 2249 terrae
692 2207 822 2250 stratis
875 2209 1172 2253 immersorum
1223 2210 1413 2266 reliquiis
1465 2208 1544 2254 effe
1593 2206 1809 2259 habenda;

1693 2270 1809 2325 quod
