1992 2756
609 249 724 306 ·»zatss
788 243 985 307 >ant
1046 248 1163 301 stes«-

552 358 1226 421 DETERMINATIO

145 476 595 525 LONGITVDINIS
641 480 726 522 ET
766 477 1171 522 LATITVDINIS
1209 477 1624 547 QVORVNDAM

146 575 378 620 IMPERII
411 575 662 619 RVSSIAE
698 572 1026 626 LOCORVM,
1064 574 1373 619 DEDVCTA
1407 578 1489 620 EX
1525 579 1623 625 ΟΒ.

287 669 782 718 SERVATIONIBVS
816 670 859 713 A
894 669 1156 714 IOHANNE
1191 670 1495 734 ISLENIEFE

701 767 1071 813 INSTITVTIS.

756 896 1030 940 Auctore

492 992 864 1038 STEPHANO
911 992 1291 1041 RUMOVSKI.

153 1116 557 1239 obseruationes,
592 1200 649 1229 ex
674 1186 824 1243 quibus
860 1188 1112 1243 positionem
1150 1191 1417 1246 quorundam
1453 1189 1629 1247 Imperii

153 1255 308 1296 Ruliici
343 1254 539 1294 locorum
575 1252 835 1294 Academiae
871 1252 1155 1296 Scientiarum
1192 1270 1303 1298 nunc
1339 1257 1462 1304 fisto,
1515 1258 1633 1298 insti-

154 1329 271 1360 tutae
317 1320 409 1358 sunt
454 1317 586 1359 Anno
626 1331 744 1368 1773
784 1332 806 1358 a
842 1315 954 1360 Viro
991 1316 1059 1361 Cl.
1095 1318 1272 1362 Iohanne
1313 1319 1500 1375 Islenieff
1531 1334 1631 1363 cum

153 1383 377 1426 Moldauia
411 1383 566 1423 rediret
599 1381 858 1436 Petropolin.
940 1381 1043 1424 Non
1081 1386 1138 1426 est
1172 1385 1331 1439 igitur,
1385 1385 1500 1437 quod
1536 1398 1631 1425 mo-

156 1461 283 1489 neam
320 1448 372 1486 de
408 1447 692 1488 instrumentis
729 1447 778 1487 ab
814 1446 888 1487 illo
924 1446 1144 1500 adhibili53
1207 1461 1306 1490 nam
1342 1448 1491 1490 iisdem
1527 1448 1628 1498 hic,

156 1512 306 1567 quibus
342 1511 472 1561 alias,
523 1512 618 1552 vsus
653 1512 708 1553 est
741 1511 1058 1564 instrumentis,
1110 1522 1153 1555 et
1186 1513 1266 1555 hae
1300 1514 1353 1555 de
1385 1525 1431 1556 re
1466 1512 1629 1560 consuli

157 1577 325 1632 possunt
359 1573 478 1615 Nov.
516 1573 691 1619 Comm.
724 1575 856 1617 Tom.
895 1573 1020 1618 XIV.

568 1699 646 1750 De
677 1698 963 1752 Latitudine
995 1699 1217 1752 Kiouiae.

348 1814 435 1859 Sub
480 1814 695 1860 discessum
739 1820 908 1861 tandem
953 1819 1110 1861 Kiouia
1146 1815 1212 1860 CT.
1248 1818 1493 1861 obseruator
1526 1814 1629 1872 qua·=

160 1883 316 1925 drantis
351 1882 411 1923 sui
446 1882 779 1924 verificationem
815 1885 864 1924 ad
890 1883 1162 1925 horizontem
1185 1883 1382 1932 instituit,
1416 1895 1628 1923 errorem-

159 1960 241 2002 que
276 1947 327 1988 ab
362 1945 649 1986 altitudinibus
684 1947 912 1989 obseruatis
947 1946 1272 1989 subtrahendum
1294 1947 1478 1989 eundem
1497 1958 1628 2002 quam

161 2011 258 2053 alias
291 2010 466 2064 reperit,
502 2023 655 2065 nempe
692 2013 741 2060 ς’.
777 2009 873 2064 42⁴¹.

350 2135 435 2179 Die
470 2139 502 2191 ³⁸3
534 2137 643 2178 Maii
685 2139 805 2182 ducta
849 2140 906 2182 est
952 2141 996 2182 in
1032 2139 1322 2181 obseruatorio
1355 2139 1467 2180 linea
1503 2139 1633 2181 meri·

163 2199 314 2248 diana,
368 2202 418 2241 ad
463 2215 590 2255 quam
634 2201 901 2257 sequentibus
935 2206 1109 2259 planum
1145 2203 1387 2256 quadrantis
1423 2203 1629 2245 methodo

108 2294 109 2297 ,
163 2264 212 2305 ab
231 2263 501 2306 Astronomis
536 2266 684 2307 vfitata
716 2269 931 2321 applicuit,
967 2270 1306 2322 quotiescunque
1339 2267 1631 2310 altitudinibus

163 2328 405 2371 meridianis
451 2329 562 2374 Solis
605 2330 689 2372 fiue
733 2331 941 2375 stellarum
983 2332 1169 2377 fixarum
1202 2332 1415 2389 capiendis
1451 2329 1520 2375 CI,
1556 2333 1631 2372 ob-

1497 2395 1630 2439 serua-
