1992 2756
812 170 925 217 seza
992 163 1188 222 >1s⁶(
1254 126 1365 217 aa«

361 290 461 325 c'ure
500 283 587 324 satis
624 276 778 320 institui
815 278 958 331 poffe,
1005 279 1141 331 quiuis
1194 278 1313 319 facile
1366 280 1616 334 perspiciet,
1669 296 1818 338 meque

361 349 493 402 ipsum
530 344 792 397 experientia
828 343 1078 384 sufficienter
1113 345 1154 384 id
1190 344 1348 384 docuit.
1417 343 1582 387 Verum
1617 350 1728 389 enim
1750 364 1820 390 ve-

361 425 430 458 ro,
467 408 562 448 cum
600 406 669 448 vel
706 417 936 448 ventorum
975 421 1071 462 ope,
1109 409 1222 462 quod
1261 406 1327 448 hic
1365 410 1494 462 magis
1531 414 1820 465 metuendum,

359 474 427 513 vel
464 471 584 512 auida
620 472 870 512 insectorum
893 472 1106 522 industria,
1142 472 1326 526 pulueris
1351 473 1556 514 seminalis
1577 478 1738 529 proprii
1759 480 1823 518 in-

358 538 523 577 terdum
561 536 714 589 aliquid
753 536 801 575 ad
836 536 1022 577 bilobum
1076 538 1221 590 stigma
1273 537 1392 577 facile
1441 538 1611 591 posthac
1665 539 1822 583 defera-

358 610 451 642 tur:
489 601 814 650 castrationem,
855 601 1083 652 quamlibet
1118 600 1349 654 operosam,
1390 615 1451 649 ac,
1492 615 1542 641 ne
1581 602 1715 656 ipsum
1736 604 1817 644 lae-

356 666 479 705 datur
515 664 743 718 pistillum,
781 665 1007 705 cautiffime
1045 665 1356 718 inscipiendam,
1396 667 1524 705 tutius
1560 667 1636 706 ess'e
1672 668 1712 705 in
1735 668 1822 721 ple·

355 731 495 781 risque
534 728 702 768 floribus
739 730 1032 780 praemittere,
1087 742 1213 783 quam
1248 730 1412 783 penitus
1448 742 1538 770 eam
1576 730 1783 785 negligere
1808 762 1819 783 ,

354 793 592 848 persuasum
629 791 736 832 mihi
772 793 840 832 est.

542 921 740 979 Vtroque
794 923 923 965 modo
978 939 1066 966 rem
1119 923 1297 965 feliciter
1348 923 1541 974 confeci,
1587 933 1709 978 atque
1747 924 1816 966 sub

353 987 530 1042 Augusti
567 991 695 1030 finem
733 988 915 1040 capsulas
968 989 1052 1027 iam
1108 998 1288 1027 maturas
1343 988 1534 1034 obtinui,
1595 988 1817 1030 seminibus

350 1053 541 1107 plurimis
579 1053 729 1105 pallide
767 1051 963 1102 spadiceis
999 1051 1144 1088 foetas.
1231 1049 1397 1088 Horum
1452 1050 1635 1090 melioris
1689 1062 1816 1092 notae

351 1116 652 1168 quadringenta
688 1124 728 1154 et
764 1114 882 1164 plura
919 1113 1073 1166 saepius
1110 1113 1234 1152 vnica
1269 1113 1510 1152 continebat
1535 1113 1709 1165 capsula.
1744 1114 1815 1155 Ex

350 1178 499 1219 iisdem
538 1178 725 1232 sequenti
762 1174 855 1216 dein
892 1189 1002 1216 anno
1059 1187 1193 1225 1770.
1233 1175 1397 1228 plantae
1450 1176 1652 1227 hybridae
1706 1177 1812 1218 mihi

349 1252 495 1284 enatae
531 1243 622 1283 sunt
656 1238 922 1296 permultae,
959 1252 1074 1279 nouo
1109 1237 1230 1292 plane
1266 1241 1307 1278 in
1362 1238 1442 1279 hoc
1498 1240 1685 1292 stirpium
1744 1254 1818 1294 ge-

347 1320 445 1348 nere
481 1320 526 1346 ac
565 1303 852 1359 speciosissimo
888 1303 1040 1342 florum
1079 1302 1251 1350 colore,
1297 1302 1444 1355 quibus
1490 1313 1629 1344 autem
1683 1304 1814 1346 altero

347 1371 521 1411 demum
573 1381 682 1408 anno
740 1377 875 1416 1771.
927 1366 965 1405 d.
1022 1378 1092 1406 21.
1149 1365 1226 1405 Iul.
1278 1376 1321 1406 et
1364 1367 1443 1420 seq.
1481 1367 1517 1407 se
1550 1368 1807 1420 induebant,

346 1434 534 1475 maxime
569 1432 755 1474 illustres.

542 1565 767 1611 Caeterum
790 1563 981 1606 anomala
1018 1564 1088 1604 issa
1114 1563 1294 1616 partium
1314 1561 1647 1603 stuctfficationis
1674 1561 1811 1616 expli-

349 1635 543 1682 catione,
581 1634 646 1673 cui
683 1631 875 1672 Lobelias
911 1630 953 1669 in
990 1628 1076 1668 solo
1113 1627 1265 1676 natali,
1319 1627 1388 1667 vel
1442 1626 1552 1667 haud
1605 1626 1810 1667 obnoxias

347 1699 455 1746 effe,
492 1698 560 1738 vel
596 1705 706 1737 certe
744 1693 922 1748 nuptiali
958 1693 1210 1732 insectorum
1247 1691 1415 1731 seruitio
1451 1691 1499 1730 iis
1547 1689 1623 1730 hac
1669 1690 1710 1729 in
1763 1703 1809 1730 re

347 1761 571 1802 subueniffe
608 1760 813 1800 Naturam
850 1757 1072 1811 prouidam
1109 1756 1317 1802 existimo,
1354 1753 1610 1808 potissimum
1649 1753 1726 1804 fit,
1762 1763 1810 1792 vt

346 1825 472 1866 flores
509 1824 707 1865 Lobeliae
744 1822 995 1869 cardinalis,
1031 1818 1084 1859 ob
1121 1819 1334 1859 seruorum
1372 1818 1696 1859 constitutorum
1744 1815 1811 1855 in-

346 1889 625 1943 frequentiam
671 1897 740 1927 aut
776 1887 998 1927 absentiam
1021 1914 1030 1932 ‚
1084 1885 1189 1936 apud
1227 1896 1301 1923 nos
1338 1882 1456 1922 facile
1491 1894 1638 1921 omnes
1685 1880 1807 1920 abor-

348 1954 466 1994 tiant.
537 1951 739 2007 Quisquis
775 1952 902 2005 igitur
937 1947 1157 2002 speciosam
1195 1947 1300 1987 hanc
1336 1946 1519 2000 plantam
1556 1958 1632 1999 per
1652 1944 1811 1984 semina

345 2017 624 2071 multiplicare
660 2016 803 2069 cupit,
841 2012 979 2054 sedulo
1016 2011 1233 2060 obscruct,
1279 2021 1326 2050 vt
1372 2009 1562 2064 pulueris
1615 2008 1806 2047 anthera·

346 2095 439 2121 rum
478 2082 641 2134 plantae
690 2079 851 2134 proprii
905 2089 949 2116 ac
1002 2075 1177 2116 recentis
1233 2073 1507 2114 sufficientem
1559 2072 1806 2125 portionem

346 2145 545 2197 penicillo
581 2144 764 2196 excipiat
799 2141 1016 2195 quotidie,
1054 2152 1188 2191 coque
1224 2140 1434 2178 internam
1482 2147 1657 2175 omnem
1710 2146 1806 2173 ver-

346 2207 535 2247 rucosam
575 2209 810 2259 stigmatum
848 2203 1096 2258 quorumuis
1133 2204 1422 2256 virgineorum
1475 2199 1640 2247 adhuc,
1691 2209 1807 2238 rore-

348 2284 426 2324 que
461 2270 666 2311 feminino
702 2269 961 2312 madentium
998 2267 1256 2322 superficiem
1291 2266 1375 2319 ipse
1412 2264 1666 2318 conspergat.
1730 2258 1800 2299 Sic

1600 2322 1800 2364 leuissima
