1992 2756
787 164 904 212 .»Σεξξ,
969 158 1165 218 )210(
1229 163 1344 213 geg«.-

691 268 749 328 A
763 266 1434 332 DDITAMENTVM

927 389 1201 434 Auctore

818 489 865 529 P.
914 485 961 529 S·
1012 486 1310 531 PALLAS.

327 619 600 717 Descriptio
645 661 776 703 cranii
822 659 1124 704 Rhinocerotis·
1161 660 1331 704 africani
1366 677 1388 704 a
1424 658 1633 705 Celeberr.
1673 663 1799 706 Cama

319 734 399 781 per
451 726 663 781 proposita
713 727 856 779 vtique
909 736 1067 767 tantam
1122 729 1311 768 continet
1346 742 1368 768 a
1402 728 1552 769 craniis
1598 727 1798 770 fossilibus

328 789 505 832 Sibiriae
543 791 707 831 nostrae
742 789 1037 838 differentiam,
1073 800 1121 830 vt
1155 792 1231 830 vix
1266 804 1344 843 pro
1380 792 1527 832 eadem
1565 792 1700 844 specie
1727 793 1805 833 ha-=¹

326 853 417 894 beri
466 865 591 907 queat
629 863 671 894 et
705 854 909 907 exquisite
956 854 1141 908 optanda
1175 854 1224 894 sit
1260 854 1414 894 asiatici
1452 855 1641 894 animalis
1678 868 1798 896 accu-

326 920 460 958 ratior
497 929 624 971 atque
660 919 949 970 comparatiua
984 919 1235 970 descriptio,
1289 930 1394 969 quae
1444 918 1595 957 certius
1632 918 1800 959 docebit

328 995 487 1024 numne
533 983 638 1022 duae
684 981 982 1021 Rhinocerotis
1028 982 1183 1033 species
1221 982 1262 1018 in
1299 980 1399 1019 orbe
1435 980 1511 1019 sint
1548 981 1797 1021 statuendae.

327 1045 523 1090 Interim,
559 1055 609 1084 vt
645 1046 778 1084 cranii
813 1046 1033 1095 Vtriusque
1069 1044 1233 1082 facilior
1269 1041 1390 1082 fieret
1426 1045 1690 1095 comparatio
1712 1073 1722 1092 ‚
1757 1046 1800 1083 in

326 1105 613 1159 Tab.1X.fig.
646 1119 684 1146 1.
721 1106 986 1159 integerrimi
1022 1106 1154 1147 cranii
1189 1104 1357 1146 Sibirici
1393 1106 1547 1155 fossilis,
1583 1107 1634 1147 ad
1651 1107 1808 1148 Tschi‹

329 1174 478 1214 koium
514 1170 738 1224 regionum
776 1168 1191 1211 transbaikalenfium
1221 1168 1262 1210 fl.
1301 1171 1474 1220 inuenti,
1512 1171 1804 1224 adponendam

329 1239 500 1279 iconem
535 1235 710 1285 curaui,
762 1248 813 1275 eo
849 1234 982 1287 magis
1018 1233 1283 1274 necessariam
1306 1265 1318 1284 ‚
1364 1236 1462 1288 quia
1496 1236 1606 1275 inter
1640 1236 1804 1288 priores

332 1302 559 1343 iconismos
610 1300 654 1339 in
699 1297 908 1338 Nouoi-um
946 1296 1331 1338 Commentariorum
1366 1298 1605 1340 Academiae
1641 1300 1808 1340 nostrae

335 1365 535 1407 Volumine
553 1361 666 1404 XIII.
704 1370 742 1402 et
778 1359 904 1401 XVII.
942 1360 1158 1400 exhibitos
1196 1360 1307 1402 nulla
1342 1371 1462 1402 extet
1497 1364 1625 1403 cranii
1652 1363 1806 1403 maxil-

334 1429 399 1470 lae
433 1430 527 1469 suae
562 1425 769 1480 impositi,
817 1438 897 1478 qua
934 1423 1266 1465 circumcaesura
1300 1427 1442 1479 capitis
1479 1422 1669 1465 animalis
1705 1439 1807 1479 pera

334 1492 480 1534 fec'tius
526 1489 794 1544 exprimitur.
862 1487 952 1528 Hac
1002 1501 1110 1528 nunc
1157 1502 1252 1529 cum
1290 1487 1578 1542 Camperi'anis
1614 1489 1804 1543 praeser-

337 1559 415 1598 tim
450 1555 552 1597 Tah.
578 1554 642 1596 VI.
678 1552 877 1593 exhibitis
914 1552 1080 1602 collata,
1117 1551 1379 1593 differentiae
1415 1551 1646 1606 Vtriusque,
1683 1566 1808 1606 prae-³

339 1620 483 1662 sertim
519 1619 661 1674 quoad
697 1616 963 1660 maxillarum
998 1616 1329 1670 longitudinem,
1367 1627 1408 1658 et
1443 1617 1527 1658 offa-
1558 1618 1708 1667 rostri,
1739 1616 1809 1658 lu-

341 1685 528 1726 culenter
563 1682 835 1739 apparebunt>
1819 1676 1823 1679 ’

530 1747 648 1789 Dum
703 1748 776 1788 ista
826 1745 968 1802 praelo
1015 1745 1253 1800 traduntur,
1307 1745 1465 1790 adlatae
1518 1748 1613 1789 sunt
1654 1748 1705 1788 ab
1737 1747 1803 1787 1110

342 1815 540 1869 Campero
576 1810 753 1861 litterae,
789 1825 811 1853 e
846 1810 992 1867 quibus
1029 1813 1239 1865 sequentia
1272 1815 1322 1854 ad
1358 1813 1603 1854 vlteriorem
1641 1812 1805 1852 Rhino-

341 1889 537 1922 cerotu'm
581 1877 902 1920 illustrationem
947 1875 1159 1926 facienti-a,
1211 1879 1298 1919 eius
1341 1877 1426 1919 fere
1462 1877 1633 1926 verbis‚
1682 1872 1805 1930 adjici

338 1945 519 1999 possunt.
606 1940 730 1983 Vidit
781 1943 941 1983 interea
983 1939 1066 1982 Vir
1113 1940 1321 1983 Celeberr.
1374 1941 1706 1982 Rhinocerotem
1742 1940 1806 1979 vi-

336 2021 441 2049 vum
477 2009 519 2046 in
554 2006 717 2047 viuari'o
781 2007 897 2060 regio
931 2002 1180 2046 Versaliensi
1216 2018 1258 2047 et
1293 2020 1338 2047 os
1379 2007 1465 2046 eius
1502 2014 1694 2046 accurate
1726 2015 1804 2057 po-

343 2074 425 2112 tuit
460 2072 676 2124 inspicere,
712 2071 754 2111 in
792 2083 877 2123 quo
912 2070 996 2110 lata
1029 2070 1213 2122 quidem,
1248 2070 1315 2111 sed
1351 2071 1487 2110 tenuis
1522 2069 1643 2110 valde
1663 2068 1805 2120 lingua

341 2135 617 2177 delitescebat.
690 2133 902 2189 Apparuit
951 2134 1140 2175 distincte
1186 2134 1459 2176 interuallum
1501 2134 1617 2174 inter
1659 2132 1807 2172 dentes

344 2200 606 2247 anteriores,
657 2208 747 2240 tum
794 2199 835 2238 in
880 2198 1120 2251 superiore,
1173 2208 1263 2240 tum
1298 2200 1341 2239 in
1378 2198 1577 2240 inferiore
1616 2196 1811 2244 maxilla,

342 2275 424 2316 qua
456 2262 500 2303 in
533 2271 655 2317 parte
688 2263 859 2318 gingiua
892 2262 1121 2306 admodum
1156 2263 1435 2320 prominebat*
1668 2318 1710 2363 D

398 2335 402 2338 ·
1716 2332 1801 2362 em-
