1992 2756
780 145 894 197 »2³13
962 139 1159 202 >214(
1225 143 1339 197 &te—2⁹«-

325 258 454 302 cranii
491 254 786 302 Rhinocerotis
823 255 1027 306 africani,
1063 256 1301 299 litterarum
1339 257 1643 301 commercium
1693 272 1789 303 cum

321 323 581 366 Anatomico
617 319 690 359 illo
727 318 893 360 summo
929 321 1119 361 inchoari
1173 331 1463 374 opportunum
1515 325 1638 374 esset,
1692 326 1793 366 defi-

320 388 483 429 derium
503 383 604 424 illud
626 395 769 426 meum
787 380 1119 435 Celeberr.Viro
1139 384 1495 438 exposui,rogans
1515 396 1561 426 vt
1580 400 1634 428 ex
1652 389 1793 442 aliquo

320 449 589 498 craniorum,
631 460 734 500 quae
770 448 1260 501 Lugduni-batavorum
1300 459 1425 504 atque
1464 449 1791 494 Amstelaedami

320 514 510 555 ass'ervari
548 526 710 561 noram,
749 511 1059 568 Hippopotami
1085 514 1292 554 molarem
1314 515 1552 555 maximum
1576 516 1787 566 delineari,

318 579 386 619 vel
422 591 517 618 cera
553 576 695 630 effingi
731 588 911 619 curaret.
980 577 1146 619 Annuit
1180 587 1285 620 voto
1321 577 1404 620 Vir
1440 579 1787 631 humanissimus,

319 655 538 697 quumque
574 643 617 682 in
653 640 830 695 proprio
866 641 967 682 Eius
1006 640 1200 681 thesauro
1236 643 1493 696 osteologico
1523 653 1688 685 extaret
1706 657 1795 685 cra-

318 709 438 749 nium
475 707 601 748 huius
639 705 800 747 belluae
834 705 1032 753 adultae,
1087 706 1258 758 propria
1294 719 1419 747 manu
1456 719 1669 749 exaratam
1707 709 1794 749 ico-

318 785 417 823 nem
455 771 625 812 molaris
672 769 844 813 maioris
896 770 1096 823 postremi
1131 782 1153 808 e
1197 768 1356 810 sinistro
1403 770 1530 811 latere
1580 772 1792 813 inferioris

320 835 521 887 maxillae
579 832 764 881 excuffi,
815 833 1015 887 graphice
1068 834 1302 886 expressam
1355 835 1612 886 transmisit,
1664 849 1792 891 quam

317 898 513 951 Tabulae
549 898 672 952 ΥΙΠο
707 897 813 949 infra
851 896 951 954 (fig.
976 895 1049 954 3.)
1086 896 1227 940 adieci,

510 1034 580 1075 Ex
616 1033 695 1077 hac
731 1032 885 1082 icone,
919 1033 970 1077 ad
1006 1043 1126 1073 veras
1165 1027 1376 1069 mensuras
1413 1027 1593 1068 naturali
1628 1029 1791 1081 magni-

320 1097 464 1145 tudine
499 1097 661 1142 curiose
704 1097 877 1143 exacta,
946 1095 1038 1139 satis
1091 1093 1226 1148 liquet
1279 1091 1459 1132 molares
1513 1089 1791 1142 Canadenses,

320 1174 428 1219 quos
464 1160 565 1206 Αέῖα
601 1159 763 1217 anglica
818 1159 1119 1207 delinearunt,
1173 1169 1363 1211 quosque
1416 1156 1582 1210 depicta
1632 1155 1790 1196 ibidem

319 1226 448 1272 etiam
487 1224 661 1270 maxilla
696 1224 784 1268 eius
806 1254 816 1274 ,
852 1224 904 1269 ad
941 1236 1067 1276 quam
1115 1221 1441 1274 pertinuerunt,
1492 1219 1657 1261 belluae
1684 1220 1791 1260 iam-

322 1290 482 1338 dudum
518 1289 567 1328 ad
605 1287 818 1341 peculiare
854 1286 1010 1328 animal
1045 1283 1287 1341 Elephanto
1333 1285 1530 1342 proxime
1565 1283 1790 1338 analogum

322 1353 569 1398 referendos
604 1352 682 1396 effe
718 1351 976 1400 docuerant,
1033 1347 1149 1389 nullo
1184 1347 1307 1404 plane
1360 1349 1490 1389 modo
1542 1349 1797 1402 hippopota-

320 1418 428 1459 meis
470 1413 777 1468 comparabiles
815 1413 906 1453 effe.
972 1411 1031 1457 Et
1065 1411 1263 1464 equidem
1299 1411 1356 1454 ita
1392 1411 1657 1457 Hunteriana
1693 1424 1792 1452 cura

321 1479 550 1532 uiridisque
588 1477 779 1523 iconibus
815 1476 1041 1520 illustratae
1079 1475 1171 1516 sunt
1206 1475 1303 1516 istae
1339 1476 1476 1528 ignoti
1511 1474 1698 1520 animalis
1728 1488 1795 1515 re-

320 1544 505 1599 liquiae,
549 1550 596 1585 vt
631 1541 887 1598 superfluum
924 1540 1032 1580 foret
1067 1539 1324 1588 molarium,
1362 1539 1433 1592 qui
1469 1540 1517 1579 ad
1556 1552 1667 1583 meas
1703 1551 1792 1582 ma-

322 1621 401 1655 nus
421 1615 719 1663 pervenerunt,
755 1617 912 1645 novam
932 1604 1138 1648 redordiri
1161 1603 1503 1657 descriptionem.
1539 1601 1653 1662 Quia
1671 1615 1790 1653 vern,

276 1706 280 1709 .
324 1683 494 1728 praeter
529 1671 697 1713 vnicam
732 1669 961 1715 Americae
995 1667 1171 1711 borealis
1206 1667 1424 1721 paludem,
1463 1679 1677 1725 paucaque
1713 1667 1792 1711 mi-

326 1750 405 1781 nus
441 1745 556 1781 certo
593 1735 776 1777 indicata
822 1730 1067 1777 australioris
1111 1730 1336 1775 Americae
1387 1731 1507 1781 loca,
1560 1742 1604 1771 et
1656 1730 1790 1775 adhuc

325 1801 484 1845 rariora
532 1812 607 1853 per
651 1798 869 1855 Europam
929 1795 1156 1849 exempla,
1207 1795 1396 1840 nondum
1448 1796 1618 1839 inventa
1668 1794 1791 1839 huius

326 1864 489 1907 belluae
524 1863 696 1916 vestigia
731 1863 899 1910 norim,
952 1860 1048 1900 inde
1100 1871 1200 1899 vero
1252 1859 1493 1908 nonnullis,
1547 1859 1790 1913 praesertim

328 1927 425 1974 Cel.
477 1931 659 1969 Pennant
711 1923 821 1982 (b),
874 1924 1030 1983 placuit
1081 1923 1269 1978 suspici0‚
1304 1923 1479 1964 eandem
1533 1923 1789 1977 inquilinum

329 1992 562 2039 Americae
596 1991 808 2031 interioris
844 1989 922 2030 esse
957 1987 1141 2040 animal,
1191 2000 1277 2028 non
1313 1988 1392 2032 erit
1445 1987 1595 2031 inutile
1647 1987 1788 2027 saltem

330 2057 525 2099 indicasse
562 2056 724 2115 nostros
760 2055 805 2095 in
840 2051 1030 2098 orientali
1065 2051 1199 2097 limite
1233 2051 1433 2108 Europae
1451 2061 1653 2108 repertos,
1674 2062 1791 2104 prae-

1649 2114 1789 2155 sertim

329 2236 491 2249 m·

1444 2229 1788 2250 *ff*

404 2307 489 2359 (b)
540 2310 695 2361 Synopfis
721 2316 768 2351 os
783 2309 995 2364 quadrupeds
1015 2324 1054 2360 p.
1081 2324 1141 2359 91.
