1992 2756
579 188 696 239 »aie
760 181 775 240 )
815 197 867 224 21
883 199 900 225 1
943 185 958 244 <
1023 187 1137 240 ass·-

317 301 484 344 Deinde
518 314 623 342 vero
659 303 701 341 in
738 300 930 343 dissoluto
966 302 1104 356 capite
1139 302 1262 343 vituli
1288 303 1599 361 Rhinocerotis,

127 382 186 413 ex
219 367 338 409 India
372 367 567 407 orientali
603 379 738 420 nuper
768 368 1018 417 transmisso,
1054 381 1100 407 os
1123 368 1340 409 incifiuum
1363 371 1432 412 seu
1453 375 1602 416 maxil-

128 436 190 477 lae
227 432 445 487 superioris
482 433 852 485 complementum
890 430 1013 487 (Tab.
1043 431 1205 487 IXflg.
1230 430 1293 486 2.)
1332 435 1437 475 binis
1460 437 1599 478 alueo-

128 500 177 541 iis
215 497 249 539 A
284 507 325 538 et
358 496 407 539 Β.
430 496 689 546 ἰηῆωᾶιηη,
725 505 766 536 et
802 496 1128 549 sesquipollicari
1163 498 1429 551 longitudine
1465 501 1604 542 obser-

128 564 269 614 vavit3
311 563 414 602 dum
449 563 492 601 in
528 561 670 602 adulto
707 560 876 608 craniO,
912 562 1034 613 supra
1069 562 1302 615 descriptO,
1339 566 1486 606 eadem
1524 567 1600 608 vix

128 640 260 669 unum
298 626 496 681 pollicem
534 625 803 677 superabant,
840 623 957 664 nullo
993 624 1194 665 alveolari
1230 627 1407 681 vestigio
1443 641 1600 673 notata.

128 692 304 734 Praeter
338 691 440 731 duos
476 690 572 728 istos
609 687 792 728 alveolos
829 688 870 726 in
908 687 1069 741 singulo
1106 690 1425 744 complemento
1461 696 1602 736 iunio-

128 758 186 799 ris
222 755 366 803 cranii,
402 765 584 806 quorum
620 752 807 793 anterior
844 751 979 792 multo
1016 753 1154 794 maior
1190 754 1246 795 est
1275 766 1319 795 et
1338 758 1602 811 profundior,

127 821 288 872 reliqua
323 816 493 858 maxilla
529 825 693 857 tantum
730 818 917 870 quinque
954 818 1133 858 molares
1170 820 1389 870 continet,
1427 824 1484 863 ita
1519 825 1603 864 dis-

126 883 312 941 positos,
349 892 394 923 ut
429 881 699 922 intervallum
736 882 894 936 insigne
931 882 1051 924 detur
1087 883 1198 924 inter
1235 886 1494 927 anteriorem
1531 889 1599 929 seu

127 949 323 1004 quintum
362 947 584 995 molarem,
606 956 744 1002 ⁴atque
780 947 993 988 alveolum
1031 949 1242 989 minorem
1263 949 1311 990 B.
1335 951 1438 992 citra
1457 965 1602 1005 quem,

127 1027 203 1069 per
248 1011 399 1051 faciem
446 1007 663 1062 obliquam
700 1010 861 1050 OPZ.
901 1024 999 1051 cum
1037 1012 1246 1053 maxillari
1282 1014 1365 1055 osse
1401 1019 1604 1057 commit-

130 1079 233 1117 titur
268 1074 369 1114 haec
407 1073 632 1126 appendix.
703 1071 854 1124 Figura
888 1076 1104 1126 utriusque
1141 1077 1339 1116 maxillae
1378 1079 1501 1120 huius
1537 1082 1603 1120 iu-

128 1139 260 1181 nioris
298 1137 486 1178 animalis
522 1133 613 1176 Cel.
652 1135 848 1189 Campero
884 1138 1048 1189 egregie
1078 1140 1305 1178 convenire
1322 1140 1408 1181 visa
1427 1143 1483 1182 est
1503 1156 1603 1185 cum

130 1204 221 1256 Fig.
262 1215 301 1242 2.
342 1214 380 1249 3.
417 1210 458 1240 et
494 1215 537 1250 4.
570 1199 671 1240 Tab.
707 1198 815 1240 XVI.
852 1201 894 1239 in
930 1200 1037 1241 Tom.
1068 1200 1196 1243 XVII.
1233 1201 1445 1245 Novarum
1482 1206 1601 1248 Com-

131 1268 418 1310 mentariorum
454 1264 616 1304 nostrae
651 1261 935 1313 Academiae,
982 1265 1141 1317 ipsique
1178 1268 1304 1306 etiam
1341 1268 1473 1310 hocce
1509 1285 1601 1312 cra-

130 1334 249 1374 nium
296 1331 521 1373 Sibiricum
565 1328 779 1371 unicornis
817 1327 1008 1367 animalis
1044 1327 1159 1368 fuisse
1205 1332 1426 1384 censetur,
1477 1336 1601 1389 quale

129 1398 259 1439 etiam
295 1395 348 1437 est
387 1393 490 1435 illud
524 1392 714 1443 iunioris,
751 1392 802 1433 de
837 1404 923 1446 quo
959 1391 1027 1433 hic
1064 1392 1215 1446 agitur„

319 1526 443 1568 Haud
481 1522 755 1579 improbabile
791 1525 916 1567 etiam
942 1523 1005 1567 Ill.
1027 1525 1202 1582 Camper
1238 1530 1375 1571 credit
1400 1560 1410 1580 ‚
1447 1531 1602 1574 maxil-

131 1590 189 1631 las
234 1590 277 1630 in
327 1592 454 1631 variis
491 1590 846 1632 Rhinocerotibus
883 1592 1162 1633 diversimode
1199 1595 1452 1635 construaas
1489 1597 1597 1647 effe,

129 1665 180 1695 vt
214 1653 398 1708 plurima
433 1667 581 1694 eorum
618 1656 757 1696 crania
792 1656 1072 1697 examinanda
1107 1657 1198 1707 fint,
1235 1669 1461 1712 antequam
1492 1662 1597 1701 certi

130 1719 361 1773 quidquam
399 1719 450 1758 de
484 1717 561 1759 hac
597 1718 795 1762 structura
831 1731 871 1761 et
906 1721 1096 1761 dentium
1124 1734 1302 1763 numero
1322 1724 1597 1766 determinari

129 1774 270 1838 queat.
355 1781 518 1836 Vtique
561 1795 665 1825 vero
709 1785 878 1839 semper
927 1785 1134 1826 distabunt
1169 1787 1314 1827 dentes
1350 1789 1592 1840 primores,

128 1847 272 1888 saltem
310 1846 557 1900 superiores,
593 1851 689 1902 quia
724 1852 838 1890 secus
874 1860 1076 1890 nocerent
1104 1850 1214 1890 labio
1236 1851 1453 1904 superiori,
1490 1853 1598 1892 eius-

129 1925 211 1965 que
247 1911 516 1951 mobiliffimo
535 1914 657 1966 apici,
692 1915 764 1968 qui
799 1915 1027 1956 admodum
1065 1913 1207 1954 similis
1244 1915 1299 1954 est
1335 1915 1470 1967 digito
1498 1929 1595 1969 pro-

129 1975 305 2016 boscidis
341 1975 583 2029 Elephanti,
617 1977 850 2033 iisdemque
885 1979 1072 2033 fungitur
1092 1977 1272 2030 officii53
1308 1979 1457 2032 quibus
1494 1980 1593 2021 den-

127 2049 190 2080 tes
236 2041 521 2094 approximati
565 2043 740 2084 omnino
776 2043 998 2084 obstarent.
1066 2041 1194 2083 Anne
1230 2055 1335 2083 vero
1370 2045 1413 2084 in
1449 2045 1591 2088 vitulis

128 2104 287 2158 duplex
350 2104 748 2158 complementum?
801 2108 981 2149 alterum
1034 2107 1136 2148 illud
1189 2108 1347 2148 osseum
1398 2109 1482 2149 iam
1519 2110 1593 2150 de-

126 2168 351 2222 scriptum,
388 2168 566 2210 alterum
602 2170 734 2212 adhuc
771 2172 1101 2227 cartilagineum,
1124 2173 1410 2213 maceratione
1445 2174 1592 2228 deper-

127 2230 296 2272 ditum?
345 2256 388 2262 —-
421 2233 535 2274 Mihi
570 2235 711 2288 potius
746 2236 828 2276 hoc
862 2239 974 2278 inter
1008 2235 1215 2292 specificas
1252 2235 1385 2279 Indici
1420 2248 1462 2280 et
1497 2238 1592 2282 Afri

126 2295 309 2338 Rhinoc.
343 2297 595 2340 differentias
630 2299 922 2341 collocandum
959 2303 1035 2343 effe
1070 2301 1249 2344 videtur.

841 2362 884 2405 D
904 2366 930 2408 d
966 2379 993 2406 2
1409 2367 1589 2412 Deinde,
