1992 2756
803 152 918 202 »aaa
980 145 994 203 )
1034 160 1122 191 222
1163 148 1178 206 (
1240 139 1355 198 &aaa

343 273 445 329 „Id
480 273 507 316 fi
543 261 758 325 probabile
794 262 1054 312 statuamus,
1091 260 1251 304 neceffe
1288 259 1345 301 est
1380 267 1427 300 vt
1461 261 1616 304 collum
1653 264 1815 318 fitper-

350 349 523 394 „quam
560 335 718 378 breve,
754 327 1117 381 quemadmodum
1170 328 1213 367 in
1264 323 1537 378 Elephanto‚
1590 330 1718 370 etiam
1769 338 1817 372 vt

349 433 378 455 „
400 397 575 442 altitudo
611 403 736 447 atque
769 393 899 434 totius
935 392 1127 446 corporis
1181 389 1317 432 moles
1370 389 1421 431 fit
1473 390 1594 431 valde
1644 393 1818 447 ingens3

350 463 497 519 „quid
534 456 675 515 ergo?
711 467 756 501 vt
791 457 1070 513 proboscide,
1107 466 1310 510 tanquam
1345 453 1537 507 longiore
1588 468 1714 497 manu
1772 458 1819 499 fit

352 523 674 582 „instrueiuml
731 522 814 565 sine
868 535 975 575 qua,
1032 521 1116 563 siue
1169 519 1701 574 carnivorum⁴fingatur,
1753 521 1819 564 seu

354 592 679 648 „phytivorum
711 617 721 637 ‚
784 586 1032 630 alimentum
1078 598 1243 640 capere
1308 585 1487 625 omnino
1540 597 1625 625 non
1677 584 1822 639 poffe't.

355 655 598 710 „Gaudere
631 654 760 708 igitur
796 651 916 692 debet
952 650 1199 704 proboscide
1235 660 1276 692 et
1312 649 1477 691 destitui
1513 650 1708 692 dentibus
1738 649 1825 703 pri-

354 720 604 776 „moribus.
673 715 718 761 Si
753 715 805 757 ad
840 714 1181 764 Dromadarios,
1217 711 1448 764 Camelos,
1483 714 1655 768 Equos,
1694 712 1826 763 Oves,

349 819 381 840 ‚‚
403 784 568 828 Cervos
603 791 646 823 et
680 781 821 825 Boves
857 781 1047 820 animum
1084 778 1356 825 advertimus,
1392 778 1563 830 patebit,
1599 779 1756 819 collum
1784 779 1828 820 in

354 852 452 904 „iis
489 847 684 889 omnibus
721 845 800 886 effe
835 845 1205 900 proportionatum
1243 841 1453 882 altitudini
1490 842 1627 895 spinae
1663 841 1770 882 dorfi
1807 856 1828 881 a

356 925 547 969 „terra3
583 912 651 956 sed
686 911 728 950 in
765 910 829 952 his
865 899 1087 951 omnibus’
1115 915 1241 960 caput
1292 918 1470 958 parvum
1524 916 1565 945 et
1617 906 1709 947 leve
1759 905 1828 947 est.

356 979 518 1036 „Equi
553 976 709 1017 collum
747 974 915 1018 brevius
952 972 1063 1012 collo
1100 968 1280 1017 Cameli,
1311 968 1375 1008 sed
1413 978 1455 1008 et
1490 981 1615 1021 capus
1649 971 1830 1021 gravius.

358 1042 520 1096 „Illud
555 1040 687 1081 Bovis
723 1037 889 1095 gravius
943 1036 1114 1088 quidem
1166 1033 1222 1073 est
1273 1032 1429 1084 equino
1483 1033 1621 1085 capite
1643 1062 1653 1082 ‚
1688 1032 1756 1072 sed
1791 1041 1832 1072 et

363 1104 567 1159 „collum
618 1101 803 1145 brevius,
924 1096 1090 1142 Cameli
1143 1107 1268 1150 caput
1320 1096 1515 1136 omnium
1568 1095 1831 1137 leviffimum.

364 1167 643 1224 „Elephanti
681 1174 835 1220 caput,
888 1163 999 1207 haud
1036 1176 1134 1204 raro
1184 1159 1283 1201 DC.
1337 1160 1405 1203 vel
1455 1158 1634 1202 DCCC.
1688 1160 1833 1201 Libras

361 1266 388 1286 ‚‚
418 1225 547 1290 grave
569 1264 580 1283 ‚
617 1229 855 1284 requirebat
889 1228 1017 1282 igitur
1070 1225 1227 1270 collum
1281 1224 1564 1267 brevissimum
1587 1256 1597 1275 ,
1650 1225 1834 1278 respectu

366 1296 648 1350 „altitudinis
684 1293 905 1346 corporiS,
942 1304 1037 1332 cum
1075 1303 1160 1342 quo
1197 1298 1338 1329 tamen
1384 1289 1583 1343 pabulum
1621 1290 1838 1343 adtingere

368 1393 397 1415 „
417 1360 696 1415 nequivisset,
743 1357 815 1397 nisi
869 1355 1068 1400 industria
1118 1363 1160 1397 et
1211 1354 1389 1407 provida
1441 1355 1607 1397 Natura
1655 1353 1838 1406 longiori

369 1417 396 1479 9¹,
417 1424 665 1482 proboscide
701 1422 814 1466 hunc
851 1420 1058 1465 defec‘ium
1097 1419 1411 1472 compensasset.
1490 1417 1707 1472 Quoniam
1760 1417 1840 1470 igi-

335 1512 337 1515 ·
371 1487 398 1543 ‚'‚
417 1502 485 1538 tur
520 1488 658 1532 omnis
694 1487 796 1533 haec
832 1484 1099 1527 ratiocinatio
1135 1485 1259 1526 etiam
1298 1484 1516 1537 incognito
1553 1482 1721 1522 animali
1767 1481 1838 1521 ad-

369 1555 564 1612 „plicani
600 1552 732 1612 potest
755 1581 764 1598 ‚
797 1559 840 1594 et
875 1549 1078 1603 quoniam
1114 1548 1287 1590 maxilla
1322 1548 1494 1588 inferior
1529 1545 1720 1600 apprime
1757 1545 1842 1586 ele-

373 1619 649 1676 „phantinae
686 1615 828 1658 similis
865 1615 935 1663 est,
971 1615 1059 1654 iure
1095 1612 1259 1657 summo
1299 1613 1346 1655 ad
1383 1613 1496 1654 idem
1532 1624 1660 1665 genus
1697 1611 1841 1655 referri

376 1685 535 1740 „posse
572 1683 738 1737 opinor.
806 1678 997 1720 Molares
1033 1678 1178 1719 dentes
1200 1708 1210 1727 ,
1246 1677 1380 1719 fateor
1430 1677 1598 1717 coronis
1651 1676 1728 1717 suis
1781 1675 1843 1715 di-

379 1749 564 1800 „versos
601 1747 679 1787 effe
717 1745 766 1788 ab
803 1742 1115 1797 elephantinis3
1151 1755 1297 1783 verum
1319 1743 1417 1785 inde
1447 1742 1616 1796 quidem
1637 1738 1842 1794 specifica,

381 1814 494 1864 „sed
530 1811 724 1866 generica
759 1807 996 1852 differentia
1031 1808 1116 1861 peti
1154 1820 1417 1861 nequaquam
1454 1805 1603 1860 potest.
1679 1805 1728 1845 In
1780 1808 1854 1845 aeq'

384 1878 622 1931 „thiopico
657 1873 791 1929 Apro'
817 1873 995 1916 molares
1032 1871 1117 1912 fere
1153 1872 1411 1925 elephantini
1448 1872 1599 1911 dantur
1634 1879 1844 1922 quatuor,

383 1945 472 2000 „in
510 1943 691 1982 nostrate
726 1938 907 1992 viginti,
960 1939 1001 1977 in
1039 1935 1294 1978 Americano
1331 1935 1524 1988 cystifero
1559 1934 1708 1988 viginti
1744 1946 1845 1986 qua-

383 2038 409 2059 „
431 2018 556 2057 tuor,
592 2007 634 2046 in
670 2004 925 2055 Babyrouffa
960 2002 1140 2054 viginti3
1192 2000 1245 2040 ob
1290 2014 1417 2055 quam
1469 1999 1598 2049 solam
1649 1997 1846 2038 differen-

388 2073 536 2122 „tiam
574 2081 717 2116 tamen
755 2080 883 2111 nemo
919 2079 1071 2108 nova-m
1111 2064 1217 2106 hanc
1254 2065 1425 2108 Africae
1480 2063 1649 2104 bestiam
1702 2062 1749 2101 ad
1786 2060 1847 2099 di-

388 2136 599 2190 „versum
636 2147 765 2189 genus
804 2132 956 2175 referre
1001 2129 1141 2170 vellet.
1163 2161 1188 2179 ,‚
1266 2130 1380 2170 Haec
1419 2126 1564 2171 Celeb.
1602 2126 1849 2180 Campo-im

388 2212 410 2238 e
448 2199 595 2251 quibus
634 2212 747 2240 novo
784 2204 1032 2250 argumento
1068 2195 1262 2236 discimus
1285 2226 1294 2244 ,
1331 2205 1534 2248 quantum
1570 2192 1672 2232 lucis
1709 2199 1751 2229 et
1785 2190 1849 2227 in-

387 2263 592 2305 crementi
627 2262 842 2303 Anatome
878 2269 1119 2314 comparata
1154 2275 1176 2301 a
1211 2259 1377 2302 Summi
1398 2258 1495 2299 Viri
1524 2252 1730 2299 laborioso
1759 2253 1849 2292 otio

392 2328 617 2383 expectare
654 2327 724 2367 sibi
761 2326 922 2366 debeat.
