1992 2756
630 140 746 195 »5201ss
812 135 828 197 )
867 146 955 189 219
995 133 1010 194 (
1074 137 1189 190 &team

158 256 282 313 *quod
318 265 360 298 et
394 255 446 297 de
483 253 689 309 plurimis?
713 267 787 309 per
823 254 1032 307 reliquam
1067 252 1288 308 Europam
1331 254 1507 309 repertis
1544 255 1646 297 den·

170 323 280 365 tibus
316 321 550 374 ossibusque
584 319 877 373 grandioribus
914 319 1006 359 satis
1043 319 1215 359 constat.
1264 317 1446 373 Eritque
1481 321 1646 375 semper

168 386 395 437 mirabile,
448 385 561 439 quod
599 385 771 427 alterius
807 385 977 439 ignotae
1013 383 1165 438 speciei
1202 385 1286 424 offa
1322 394 1447 439 atque
1483 386 1646 435 dentes,

169 453 271 494 licet
321 450 365 492 hi
418 450 624 493 soliditate
673 449 970 503 elephantinos
1014 440 1141 489 etiam
1179 449 1407 503 superent,
1460 450 1649 504 adeoque

173 517 291 559 edaci
329 515 534 571 temporis
570 515 700 556 cariei
736 514 875 555 minus
913 511 1091 552 obnoxii
1127 514 1243 553 fuisse
1288 514 1541 564 videantur,
1587 523 1650 554 ta·-

168 595 270 624 meu
321 581 474 635 vbique
523 580 658 621 multo
693 579 825 619 rarius
862 586 905 618 et
939 577 982 616 in
1018 576 1363 629 profundioribus
1399 579 1650 632 plerumque

172 647 306 690 stratis
343 645 582 691 diluvianis,
620 642 759 683 saltem
797 643 839 681 in
861 641 1049 696 Europa,
1086 640 1269 695 Asiaque
1289 643 1491 684 inveniri:
1526 644 1653 698 fiqui-

171 711 268 753 dem
315 709 530 752 diluviana
576 707 697 748 strata
733 706 942 760 adpellare
976 706 1104 746 liceat
1139 706 1239 757 illa,
1293 721 1400 761 quae
1437 721 1521 748 non
1558 710 1651 750 sunt

172 773 386 827 tranquilli
438 771 563 812 maris
618 772 901 815 sedimcntum
948 781 989 813 et
1037 771 1200 812 marina
1235 772 1418 816 colluvie
1454 774 1653 829 testisque

170 839 310 884 minus
347 837 517 880 scatent.

366 964 596 1009 Caeterum
635 969 695 1009 vti
732 969 922 1023 specifica
957 971 1066 1011 inter
1101 969 1387 1024 Elephantem
1423 970 1553 1025 vulgo
1578 965 1655 1011 no·‘

173 1042 266 1076 tum
289 1063 299 1080 ,
335 1042 376 1073 et
412 1033 680 1085 incognitum
717 1033 817 1073 illud
855 1035 1035 1083 animal,
1073 1037 1121 1075 ad
1156 1035 1270 1087 quod
1307 1035 1488 1075 molares
1526 1035 1654 1075 nostri

174 1108 303 1150 atque
354 1096 533 1138 Humero
586 1095 814 1150 descriptae
859 1097 1064 1151 reliquiae
1112 1097 1257 1138 referri
1294 1099 1480 1149 debent,
1533 1108 1657 1139 extra

174 1175 304 1204 omne
339 1162 513 1204 dubium
549 1160 685 1215 posita
720 1161 775 1201 est
811 1161 1082 1215 differentia3
1133 1163 1192 1202 ita
1227 1173 1375 1203 contra
1412 1175 1468 1203 ex
1497 1163 1655 1203 'harum

175 1227 497 1281 comparatione
532 1224 650 1267 facile
687 1225 823 1265 elucet
858 1225 1020 1266 summa
1055 1227 1275 1279 Vtriusque
1313 1228 1657 1282 animalisqgene-

178 1283 268 1335 rica
304 1291 507 1345 analogia.
577 1288 720 1344 Quam
756 1290 814 1330 ita
850 1289 992 1339 solide,
1030 1290 1150 1330 fimul
1187 1303 1284 1330 cum
1321 1291 1563 1332 differentiis
1593 1293 1658 1333 in-

178 1367 244 1397 ter
280 1355 526 1397 americanis
563 1364 602 1395 et
634 1354 947 1409 Hippopotami
985 1355 1178 1403 molares,
1215 1356 1411 1409 exposuit
1435 1354 1653 1397 Celeberr.

180 1419 359 1475 Camper
391 1422 432 1460 in
470 1420 636 1468 litteris,
673 1432 777 1472 quae
813 1421 1093 1461 transmissam
1131 1421 1298 1461 iconem
1326 1421 1656 1472 comitabantur,

178 1495 226 1527 vt
261 1499 346 1528 non
382 1486 545 1541 poffum
584 1497 669 1525 non
705 1484 788 1540 ipsa
824 1485 886 1526 111.
924 1484 1023 1527 Viri
1059 1486 1188 1528 verba
1222 1485 1292 1528 hic
1329 1486 1625 1542 superaddere:

373 1614 493 1663 „Ex
537 1616 854 1668 comparatione
897 1616 1052 1659 horum
1090 1618 1281 1658 dentium
1318 1617 1657 1674 (Hippopotami

178 1689 225 1731 *et
277 1679 502 1721 molarium
556 1693 578 1718 a
629 1679 849 1737 Collinsono
883 1693 1029 1735 -atque
1083 1682 1263 1724 Huntero
1318 1681 1657 1737 delineatorum)

173 1739 208 1797 ⁴„
233 1753 407 1798 apparet
452 1741 572 1798 (sunt
626 1744 814 1801 Camperi
867 1746 1020 1802 verba)
1073 1757 1166 1788 toto
1220 1748 1347 1788 coelo
1393 1749 1657 1789 diversorum

182 1810 307 1862 „effe
345 1808 605 1859 animalium,
641 1811 839 1865 quicquid
876 1812 1019 1852 dicant
1055 1811 1132 1852 lnl.
1169 1811 1402 1867 Bzfflnius,
1439 1810 1657 1853 D’Auben-

182 1905 210 1926 „
230 1885 359 1921 tonus,
396 1873 562 1927 aliique.
633 1873 811 1929 Superat
847 1877 1111 1926 canadensss,
1150 1887 1240 1917 tum
1276 1877 1527 1925 latitudine,
1564 1886 1656 1916 tum

182 1971 208 1993 ‚,
229 1939 489 1987 altitudine,
542 1939 592 1978 ad
627 1941 852 1982 minimum
890 1942 950 1983 bis
985 1942 1298 1996 Hippopotami
1336 1942 1542 1982 molarem
1565 1971 1576 1991 ,
1613 1951 1656 1982 et

178 2035 210 2056 ‚,
232 2003 402 2058 quidem
440 2002 553 2044 mole
588 2003 750 2058 integra
784 2008 914 2047 oeties
936 2037 945 2053 ,
1000 2009 1204 2061 quoniam
1241 2006 1370 2047 solida
1404 2008 1498 2046 sunt
1532 2005 1581 2046 ad
1617 2006 1656 2046 se

183 2069 413 2121 „invicem
467 2077 514 2107 vt
566 2067 660 2108 cubi
704 2069 856 2112 harum
893 2072 1218 2114 dimenfionum.
1290 2069 1544 2113 Canadenfis
1581 2084 1658 2112 no-

183 2145 327 2187 „vem
376 2131 499 2175 habet
544 2132 638 2185 iuga
674 2146 757 2174 non
794 2137 972 2190 detrita,
1026 2137 1402 2192 hippopotamicus
1449 2137 1550 2177 dens
1587 2149 1659 2176 co-

183 2210 381 2250 „ronam
418 2196 673 2250 figuratam,
710 2198 774 2240 sed
812 2201 1025 2244 detritam.
1097 2201 1250 2244 Fateor
1286 2201 1480 2256 equidem
1518 2202 1659 2244 iunio-

184 2294 211 2316 „
233 2276 324 2305 rum
361 2262 788 2317 Hippopotamorum
825 2265 966 2307 dentes
1004 2267 1185 2309 molares
1215 2268 1444 2309 anteriores
1466 2266 1541 2308 effe
1561 2277 1656 2306 acu=

870 2329 907 2371 E
929 2344 951 2370 e
990 2345 1013 2371 2
1576 2329 1655 2368 min
