1992 2756
638 178 751 229 “³252ss
819 172 1014 234 itm(
1083 178 1197 227 &103⁴-

181 305 276 333 rum
331 291 512 331 fatemur
565 291 737 342 quidem
785 290 878 332 ioca
914 293 955 332 in
993 292 1070 332 hac
1106 292 1272 334 Tabula
1310 294 1430 336 allata
1466 310 1549 339 non
1588 300 1658 340 ad-

179 357 357 397 modum
396 355 604 407 aequabili
641 365 789 396 tenore
826 357 1054 410 procedere
1070 369 1079 408 3
1119 371 1269 398 xerum
1306 360 1450 412 primo
1478 376 1657 417 perpen-

180 422 364 462 deidum
403 421 473 467 est,
511 430 556 460 vt·
591 422 632 461 in
656 421 792 460 minus
818 422 993 474 spatium
1027 421 1193 462 Tabuia
1215 424 1351 463 nostra
1369 425 1659 477 reduceretur,

182 486 400 526 transitum
441 498 497 525 ex
530 498 614 526 vna
645 485 843 525 columna
879 487 1072 526 verticah'
1092 488 1132 526 in
1155 489 1477 540 praecedentem
1500 491 1660 545 saepius

179 551 257 591 effe
293 550 462 603 fastum.
531 549 600 590 Sic
637 549 772 603 pofito
808 558 1002 602 tempore
1039 550 1237 591 Periheiii
1275 552 1384 593 Iunii
1422 566 1493 605 13,
1533 556 1661 598 habe-

181 625 248 655 tur
293 614 410 655 locus
458 611 663 655 Cometae
712 626 791 666 pro
833 626 850 651 1
892 613 1000 653 Maii
1038 615 1078 653 iu
1117 615 1293 656 secunda
1331 616 1529 660 columna
1564 634 1664 663 ver-

183 679 296 720 ticali
340 680 419 718 11³.
464 682 568 728 120,
622 688 662 718 at
707 690 783 730 pro
826 691 878 727 15
918 677 1028 718 Maii
1065 679 1253 719 eiusdem
1290 680 1408 722 locus
1444 684 1486 724 in
1521 687 1661 739 prima

180 744 392 790 columna,
431 743 632 783 nimirum
671 742 725 780 0⁵.
767 745 825 792 50,
863 742 1012 783 allatus
1050 743 1117 783 est.
1187 743 1308 785 Tum
1345 758 1447 787 vero
1483 750 1662 804 infignes

178 809 301 849 saltus
339 805 435 845 alibi
472 818 557 845 non
594 807 817 858 prodeunt,
856 819 981 858 quam
1021 820 1098 860 pro
1136 807 1237 848 locis
1273 806 1482 854 Cometae
1519 816 1659 857 mense

174 869 459 918 Decembris,
518 870 632 922 quod
677 869 773 910 inde
811 871 986 910 euenire
1024 872 1184 911 necesse
1237 883 1357 922 erat,
1411 877 1508 928 quia
1560 889 1660 921 tune

177 933 362 975 Cometa
398 935 440 973 in
477 934 632 975 vicinia
669 934 825 975 tessmis
866 936 1095 987 reperitui,
1132 945 1174 976 et
1209 936 1453 979 huiusmodi
1484 942 1658 994 quidem

174 1001 216 1040 in
254 999 344 1040 casu
381 999 674 1052 peiuestigatio
712 999 794 1039 loci
832 996 1042 1080 Cometae
1082 1013 1167 1042 non
1204 1001 1278 1042 nisi
1315 1003 1496 1057 operoso
1533 1005 1656 1049 valde

175 1064 317 1104 labore
352 1061 579 1117 perficitur.

368 1198 400 1245 ξ.
439 1209 482 1245 9.
550 1194 724 1236 Etiamsi
776 1195 970 1250 Tempus
1008 1197 1279 1241 Periodicum
1327 1197 1537 1243 Cometae
1573 1215 1659 1243 non

177 1263 287 1302 intra
338 1261 493 1300 limites
544 1260 673 1300 modo
725 1273 1096 1303 commemoratos
1134 1265 1455 1315 contineretur,
1511 1276 1656 1308 tamen

175 1324 366 1380 praesens
418 1323 584 1364 Tabula
635 1324 771 1365 vsum⁷
808 1325 961 1366 habere
1016 1328 1174 1381 poterit
1208 1340 1287 1380 pro
1323 1328 1653 1372 determinandis

177 1393 264 1431 eius
316 1389 418 1429 locis
478 1387 765 1429 Geocentricis
796 1420 806 1438 ,
860 1390 1006 1431 saltem
1060 1392 1170 1431 intra
1204 1403 1335 1434 vnum
1375 1394 1440 1434 vel
1476 1395 1654 1436 alterum

174 1455 376 1508 gradum3
413 1454 602 1506 exceptis
641 1462 779 1493 tamen
816 1454 972 1495 casibus
1010 1455 1080 1496 vbi
1118 1453 1300 1496 Cometa
1334 1459 1377 1498 iu
1407 1458 1568 1499 telluris
1590 1460 1658 1500 vi-

176 1520 284 1558 cinia
318 1519 537 1564 versatur,
574 1530 724 1557 verum
758 1519 820 1558 vti
858 1520 941 1559 iam
980 1520 1255 1569 monuimus,
1293 1531 1383 1563 tum
1420 1524 1496 1562 vix
1532 1524 1654 1575 quid-

176 1595 301 1635 quam
349 1582 398 1620 de
442 1581 522 1619 istis
559 1580 662 1620 locis
699 1582 861 1623 definiri
899 1585 1044 1636 potest.
1116 1581 1246 1638 Quod
1282 1585 1309 1624 fi
1346 1586 1477 1638 igitur
1512 1586 1648 1628 Tem-

176 1660 252 1700 pus
290 1645 557 1685 Periodicum
585 1642 789 1687 Cometae
825 1657 873 1687 vt
905 1651 1072 1701 prorsus
1109 1647 1377 1689 indefinitum
1413 1649 1651 1692 confidere-

160 1721 274 1759 rtur,
309 1708 500 1750 Tabulae
535 1707 656 1749 huius
692 1723 772 1764 ope
808 1720 951 1752 tamen
1012 1712 1266 1762 innotescet,
1319 1714 1571 1766 quibusnam
1607 1716 1651 1756 in

176 1774 282 1815 coeli
318 1772 575 1826 regionibus,
612 1771 839 1815 Cometam
872 1775 1038 1830 singulis
1069 1776 1273 1817 mensibus
1295 1791 1495 1830 quaerere
1520 1792 1649 1832 opor-

176 1849 292 1887 teat,
346 1837 597 1878 confidimus
651 1838 780 1892 igitur
834 1838 1196 1881 Astronomorum
1248 1842 1448 1882 industria
1500 1854 1650 1884 veram

176 1904 451 1956 quantitatem
489 1903 689 1956 temporis
724 1903 933 1946 Periodici
969 1907 1012 1946 in
1048 1905 1261 1961 posterum
1319 1907 1652 1948 determinatum

175 1968 240 2007 iri.

366 2033 399 2081 ξ.
442 2044 510 2070 10.
591 2031 707 2073 Licet
757 2043 904 2076 contra
939 2036 1357 2078 'determinationem
1411 2035 1646 2090 Temporis

174 2094 381 2136 Per-iodici
402 2110 424 2136 a
443 2095 563 2136 nobis
591 2098 1098 2153 propofitigrauiffimum
1118 2102 1157 2140 id
1188 2100 1374 2154 proponi
1410 2111 1539 2152 queat
1569 2102 1644 2142 du-

175 2160 291 2199 bium
313 2190 323 2208 ‚
369 2161 482 2213 quod
520 2160 696 2202 minime
730 2164 957 2204 verisimile
994 2164 1220 2213 videatur,
1274 2161 1485 2204 Cometae
1521 2165 1645 2207 huius

176 2234 261 2264 tam
312 2224 428 2265 breui
481 2234 675 2278 tempore
720 2227 770 2266 ad
803 2228 1062 2269 Perihelium
1113 2229 1395 2278 reuertentis,
1448 2242 1533 2270 nou
1571 2230 1645 2271 nist

172 2288 303 2330 Anno
343 2299 464 2341 1770
500 2290 713 2332 instituere
746 2290 900 2334 licuiffe
928 2293 1264 2347 obseruatione53
1299 2302 1442 2335 tam-en
1476 2307 1531 2336 ex
1549 2294 1639 2334 Ta-

1547 2357 1645 2397 bula
