1992 2756
587 139 700 191 ωὲ-εἵὲ
765 136 784 195 )-
819 146 903 184 281
940 138 962 208 ἱ(
1025 140 1140 191 ἓῖεὲω

828 343 910 384 DE

220 434 934 507 THEORIA
1023 435 1520 511 LUNAE

287 629 598 682 MAIOREM
641 627 1121 680 PERFECTIONIS
1168 629 1458 684 GRADUM

681 722 1064 775 EVEHENDA.

732 857 1003 901 Auctore

607 955 655 997 L.
723 957 758 997 E
797 954 892 997 VL
928 955 964 996 E
999 954 1037 997 R
1071 956 1123 998 O.

137 1090 360 1264 Cum
416 1191 581 1223 motum
635 1181 779 1222 Lunae
841 1181 891 1221 ad
946 1191 1140 1223 centrum
1191 1181 1365 1231 Terrae,
1404 1189 1812 1238 tanquamTaquL

323 1245 458 1288 fixum
494 1247 736 1300 spectatum,
774 1244 934 1285 referre
953 1249 1195 1292 conueniat,
1231 1255 1325 1284 ante
1362 1246 1507 1285 omnia
1542 1245 1604 1286 lo·
1638 1251 1715 1301 Fig.
1744 1262 1777 1288 ι.

141 1326 239 1354 cum
286 1312 426 1352 Lunae
471 1325 544 1365 per
581 1320 719 1351 ternas
755 1310 1020 1350 coordinatas
1057 1309 1337 1350 determinare
1374 1319 1605 1362 opportet,

142 1390 319 1431 quarum
357 1376 604 1416 direffiones
641 1374 718 1414 sint
752 1374 860 1414 fixae
896 1375 936 1414 δε
974 1376 1083 1415 inter
1119 1376 1157 1414 se
1195 1373 1418 1414 normales.
1486 1372 1606 1415 Tum

140 1454 246 1481 vero
292 1453 439 1480 omnes
476 1441 583 1479 vires
630 1439 891 1479 sollicitantes
944 1439 1171 1479 secundum
1208 1438 1375 1479 easdem
1412 1438 1608 1478 directio-

143 1519 215 1545 nes
253 1506 342 1544 sunt
379 1504 674 1551 resoluendae,
717 1514 764 1544 vt
799 1516 852 1543 ex
904 1505 1122 1557 principiis
1176 1514 1316 1543 motus
1354 1513 1497 1543 ternae
1534 1516 1606 1543 ae-

144 1570 361 1623 quationes
397 1567 689 1607 differentiales
726 1569 893 1608 secundi
929 1569 1079 1621 gradus
1115 1567 1297 1608 obtineri
1333 1575 1499 1621 queant.
1543 1566 1606 1606 Ita

142 1634 170 1674 si
208 1633 373 1686 planam
411 1632 572 1672 tabulae
617 1632 849 1686 eclipticam
903 1635 1075 1683 referat,
1121 1634 1164 1672 in
1200 1646 1285 1687 quo
1321 1633 1526 1685 punctum
1560 1630 1607 1671 T

142 1697 191 1738 fit
235 1707 422 1737 centrum
468 1696 659 1744 Terrae,
692 1698 802 1737 reeta
837 1709 979 1739 autem
1015 1697 1058 1737 T
1083 1692 1132 1734 'V'
1174 1699 1225 1738 ad
1261 1697 1464 1751 punctum
1500 1694 1607 1736 coeli

144 1762 279 1801 fixum
317 1761 533 1813 dirigatur,
551 1760 664 1801 locus
683 1763 842 1811 Lunae,
879 1763 950 1815 qui
987 1762 1033 1801 fit
1069 1762 1110 1800 in
1132 1759 1182 1808 Z,
1209 1762 1514 1802 determinetur
1533 1771 1607 1811 per

144 1826 216 1867 has
255 1837 390 1865 ternas
422 1825 698 1866 coordinatas:
732 1825 985 1874 TX:X‚
1023 1823 1249 1865 XY:Y
1285 1834 1326 1863 et
1360 1819 1610 1873 YZ:Z·;

144 1900 234 1930 tum
290 1889 399 1928 vires
447 1888 737 1940 sollicitantes,
792 1891 927 1946 posito
965 1890 1177 1931 elemento
1214 1888 1417 1943 temporis
1453 1885 1609 1936 :dm

145 1953 389 1996 huiusmodi
427 1964 566 1993 ternas
602 1957 867 2008 aequationes
905 1955 1195 2009 suppeditant:

297 2022 541 2090 ριᾹ-ὶΙξΞΙΑῚ
574 2021 650 2090 ἀῡᾶῐῖ
679 2034 803 2074 :M
839 2043 879 2074 et
914 2026 993 2093 dudfssz
1021 2028 1169 2078 ΞΝ,

143 2115 214 2155 vbi
260 2113 424 2154 litterae
457 2111 510 2152 M
544 2121 585 2153 et
618 2112 660 2152 N
705 2116 906 2156 denotant
943 2111 1072 2154 certas
1109 2110 1346 2154 functiones
1383 2119 1468 2151 tam
1504 2103 1611 2163 ipsa-¹

144 2193 239 2220 rum
288 2177 628 2218 coordinatarum
663 2176 727 2226 X,
766 2178 828 2226 Y,
865 2177 933 2229 Z,
985 2189 1111 2232 quam
1149 2176 1429 2228 quantitatum
1466 2174 1611 2214 locum

145 2243 255 2284 Solis
307 2241 612 2282 definientium.
679 2241 761 2282 Hic
797 2243 946 2294 igitur,
999 2241 1199 2298 quoniam
1237 2240 1356 2282 Luna
1390 2249 1609 2293 nunquam

145 2308 246 2351 Αέῖα
265 2307 390 2350 Acad.
408 2305 504 2362 Imp.
524 2305 593 2348 Sc.
613 2305 722 2347 Tom.
741 2305 770 2347 Ι.
792 2308 836 2346 Ρ.
854 2305 905 2346 ΙΙ.
1172 2303 1213 2346 Ν
1249 2316 1276 2345 n
1497 2302 1610 2361 yltra
