1992 2756
860 169 975 218 w&
1044 161 1058 221 )
1100 169 1193 215 336
1229 160 1243 221 (
1310 165 1425 215 3423«-

398 281 502 322 'bula
537 281 674 321 nostra
711 276 862 318 solutio
897 275 1019 317 huius
1055 278 1171 320 dubii
1207 279 1495 331 quadantenus
1533 277 1678 318 adferri
1717 278 1876 331 potest3

402 347 557 400 quippe
594 355 726 396 quum
762 343 860 382 inde
889 340 1119 396 colligatur
1152 343 1347 398 Tempus
1382 343 1581 384 Peri'nelii
1617 344 1659 382 in
1697 354 1744 382 ea
1774 343 1878 383 inci-

399 411 494 448 dere
530 408 707 459 potuisse
739 415 978 455 momenta,
1016 417 1063 446 vt
1101 404 1282 448 Cometa
1302 422 1323 448 e
1343 408 1482 449 Terra
1502 405 1875 462 plane1110ufue1·it

397 470 581 512 vifibilis.
649 470 819 513 Deinde
868 480 1042 525 ‘tempus
1088 471 1287 513 Perihelii
1324 474 1381 513 ita
1415 474 1491 514 effe
1526 472 1666 526 potest
1702 483 1875 524 compa-

393 544 549 586 ratum,
582 544 636 576 ·vt
671 533 1040 577 etiamsi-Cometa
1071 536 1117 576 in
1143 536 1320 578 Tellure
1340 538 1477 578 nostra
1497 537 1741 592 conspicuus
1762 537 1876 588 estet,

396 609 542 641 tamen
574 612 665 640 vnon
695 601 808 642 adeo
842 612 978 654 prope
1007 601 1062 640 ,ad
1098 610 1254 642 terram
1284 603 1490 652 accedat,
1538 615 1590 642 ac
1626 601 1710 642 Ao.
1752 612 1872 651 1770

391 664 549 706 sacrum
578 665 667 718 est,
715 677 813 706 nam
849 664 879 705 fi
914 677 967 705 eo
998 678 1171 719 quoque
1208 680 1319 707 anno
1356 664 1539 708 Cometa
1574 667 1672 708 οᾶο
1707 675 1872 708 tantum

390 729 544 771 ,diebus
574 738 676 771 ante
705 729 780 770 vel
815 729 906 784 post
940 741 1000 778 13
1038 728 1217 783 Augusti
1253 732 1303 773 ad
1338 731 1599 772 Perihelium
1639 730 1870 783 acceffiffet‚

393 793 526 849 duplo
558 794 725 848 longius
756 794 803 834 in
831 794 1032 847 proxima
1060 794 1250 835 distantia
1272 810 1296 835 a
1315 795 1493 834 Tellure
1514 806 1701 836 remotus
1720 793 1870 845 fuisset,

394 871 524 912 quam
559 857 614 899 A.
656 868 779 908 1770
815 866 915 899 erat.
978 857 1113 899 Hisce
1147 859 1275 912 igitur
1310 860 1353 898 in
1390 857 1544 898 casibus
1580 858 1671 898 ficri
1707 861 1868 913 potest,

393 931 442 962 vt
480 919 662 963 Cometa
698 923 849 968 noster,
879 920 958 973 ,qui
992 920 1113 959 valde
1147 922 1273 959 debili
1309 922 1468 960 lumine
1499 921 1696 973 splendet,
1732 922 1792 961 vti
1813 934 1869 964 ex

392 985 753 1027 obseruationibus
791 983 883 1024 Cel.
918 979 1076 1035 Meffier
1111 984 1302 1033 constat,
1350 985 1475 1024 ,nudis
1520 985 1653 1031 oculis
1698 997 1784 1024 non
1819 987 1868 1026 fit

392 1049 711 1105 perceptibilis,
761 1048 945 1100 ideoque
987 1046 1350 1089 Astronomorum
1400 1050 1683 1089 ¹attentionem
1721 1048 1868 1090 {altem

392 1123 488 1154 ante
522 1112 604 1153 hoc
625 1111 841 1162 Seculum,
860 1124 952 1165 quo
980 1111 1449 1166 vsus'Tele'scopiorum
1483 1113 1671 1154 *inualcre
1709 1114 1865 1166 coepit,

391 1177 517 1233 plane
562 1175 769 1231 effugerit.
837 1175 887 1217 In
929 1176 1141 1229 proximis
1176 1186 1317 1217 autem
1348 1177 1403 1217 fad
1441 1186 1596 1218 terram
1628 1178 1862 1229 distantiis,

389 1250 534 1283 motus
587 1238 796 1282 Cometae
832 1254 855 1282 e
891 1239 1042 1281 tellure
1093 1240 1203 1284 visus
1250 1242 1311 1282 est
1360 1241 1633 1292 celerrimus,
1680 1242 1864 1295 *ideoque

391 1315 562 1360 tempus
598 1318 683 1359 quo
719 1304 909 1347 Cometa
939 1305 1063 1345 vnudis
1099 1305 1231 1345 oculis
1267 1306 1400 1346 videri
1436 1307 1585 1360 potest,
1620 1306 1743 1347 aretis
1777 1307 1864 1348 val·

392 1370 447 1411 de
481 1370 685 1411 limitibus
715 1369 916 1410 concludi
954 1369 1109 1409 neceffe
1145 1369 1212 1409 est.
1283 1367 1514 1411 Caeterum
1551 1371 1578 1410 fi
1615 1371 1681 1412 cui
1715 1371 1862 1412 videa-

388 1442 459 1474 tur
493 1433 558 1474 his
590 1434 824 1474 rationibus
855 1432 1035 1473 »dubium
1070 1432 1173 1473 istud
1207 1447 1294 1474 vnon
1332 1434 1457 1488 plane
1480 1435 1590 1483 tolli,
1626 1436 1861 1488 perpendat

388 1509 561 1552 quoque
595 1497 752 1539 necesse
786 1497 874 1546 est,
922 1496 1081 1537 nostras
1117 1497 1486 1539 determinationes
1523 1500 1781 1552 argumentis
1818 1509 1862 1541 et

396 1561 676 1603 multitudine
728 1571 770 1603 et
816 1561 1010 1616 pondere
1042 1562 1290 1614 grauiffimis
1326 1564 1480 1612 inniti,
1530 1563 1592 1603 ita
1626 1573 1672 1602 vt
1705 1562 1781 1603 vix
1817 1564 1861 1603 in

390 1624 567 1667 dubium
601 1626 745 1666 vocari
784 1634 968 1679 queant,
1014 1625 1089 1664 nifi
1124 1625 1245 1667 fimul
1280 1627 1592 1668 obseruationes
1628 1627 1671 1666 in
1707 1627 1860 1680 quibus

391 1690 621 1731 fundantur
654 1690 698 1729 in
734 1689 908 1731 dubium
942 1689 1157 1730 vocandae
1189 1692 1336 1731 essent.
1385 1691 1599 1745 Quicquid
1627 1700 1769 1731 autem
1796 1690 1858 1741 fit,

390 1754 466 1795 has
513 1753 889 1794 determinationes
936 1766 1023 1793 non
1068 1753 1143 1793 nifi
1179 1755 1300 1795 valde
1353 1755 1617 1808 probabiles,
1666 1754 1857 1795 vlteriori

391 1827 536 1859 tamen
572 1819 771 1859 examine
806 1827 890 1859 tam
928 1817 1119 1866 calculo,
1171 1831 1297 1870 quam
1333 1833 1410 1874 per
1445 1819 1759 1861 obseruationes
1789 1819 1858 1859 in-

390 1882 624 1934 stituendo,
660 1882 993 1937 comprobandas
1026 1882 1239 1937 proposui.

581 2015 616 2063 §.
658 2027 727 2053 11.
805 2012 1029 2069 Quoniam
1076 2009 1283 2056 Cometae
1334 2015 1463 2057 nostri
1515 2016 1651 2057 orbita
1701 2017 1758 2055 ita
1808 2014 1856 2055 fit

391 2087 652 2132 comparata,
687 2088 735 2118 vt
769 2091 846 2132 per
881 2078 1036 2119 orbitas
1072 2077 1354 2130 Planetarum,
1392 2079 1575 2122 Saturno
1609 2089 1650 2120 et
1683 2078 1856 2120 Mercu-

393 2143 460 2181 rio
493 2150 691 2196 exceptO,
729 2143 932 2192 tran-scat,
982 2155 1136 2197 operae
1173 2146 1355 2196 pretinm
1391 2145 1483 2194 erit,
1517 2155 1566 2185 vt
1596 2144 1857 2198 inquiramus

392 2216 522 2256 quam
557 2218 690 2258 prope
726 2207 778 2247 ad
814 2206 1002 2247 Planetas
1039 2208 1237 2248 accedere
1274 2219 1424 2261 queat,
1467 2209 1567 2250 dum
1605 2221 1754 2249 eorum
1791 2219 1858 2247 or-

391 2267 487 2310 bitis
529 2281 657 2323 quam
702 2271 925 2326 proximus
971 2271 1043 2313 est.
1113 2272 1162 2313 111
1196 2270 1493 2316 Differtatione
1527 2273 1665 2317 nostra
1700 2271 1856 2323 saepius

1735 2345 1855 2375 com-
