1992 2756
523 272 701 320 Deinde,
735 269 835 309 dum
872 267 914 309 in
952 269 1239 312 Rhinocerote
1276 272 1410 321 vivo,
1448 268 1663 312 Versaliae
1699 272 1803 322 viso,

333 339 459 381 etiam
496 336 714 377 inferiores
751 334 894 374 dentes
931 337 1141 389 primores
1180 337 1293 377 inter
1331 336 1370 376 se
1409 334 1627 389 distareut3
1663 338 1705 376 in
1738 338 1807 387 Ju-

334 404 452 443 niore
504 413 566 439 res
620 400 739 440 aliter
784 398 821 438 se
867 399 1020 441 habere
1056 401 1142 441 visa
1178 401 1248 441 est.
1317 400 1418 441 Tab.
1453 398 1525 440 ΙΧ.
1556 401 1634 453 fig.
1675 413 1712 450 3.
1751 413 1807 441 ex

332 464 423 506 Cei
461 463 636 520 Camper
672 463 934 517 autographo
971 465 1151 506 delineat
1187 465 1387 506 sinistram
1417 464 1628 505 inferioris
1651 465 1803 505 maxil-

329 529 392 570 lae
444 539 611 583 partem
661 528 850 582 priorem
893 528 950 569 M.
991 530 1031 571 V.
1066 529 1112 571 S.
1167 530 1209 570 in
1261 543 1340 584 qua
1377 529 1564 570 distinete
1601 539 1805 583 apparent

330 592 490 647 septem
544 593 729 643 alveoli,
782 606 966 646 qnorum
1019 595 1189 637 ultimus
1244 595 1309 635 seu
1363 595 1553 636 anterior
1607 604 1646 643 7.
1683 592 1805 633 valde

330 671 504 713 magnus
552 657 609 700 est
655 668 697 699 et
732 657 962 712 profundus
1000 660 1136 706 adeo,
1188 670 1235 699 vt
1269 672 1346 712 per
1383 656 1597 699 alveolum
1634 657 1805 697 sextum

332 723 421 766 eius
456 722 620 773 fundus,
657 735 713 763 ex
748 721 941 762 illabente
977 721 1152 772 lumine,
1190 732 1301 763 trans
1338 722 1531 765 foramen
1551 736 1599 775 y.
1619 719 1805 775 conspici

331 799 468 841 queat.
555 788 694 828 Habet
738 787 770 826 is
807 801 829 826 a
862 786 992 828 latere
1026 786 1194 827 interno
1232 799 1414 836 cavum,
1466 786 1507 827 S.
1549 789 1662 840 quod
1699 787 1804 826 adeo

330 851 598 893 manifestum
634 850 688 892 est
724 849 879 891 alveoli
914 851 1133 899 indicium,
1170 860 1218 890 vt
1248 850 1508 890 simillimum
1528 850 1574 889 fit
1595 851 1659 896 iis,
1699 861 1804 901 quae

330 915 375 955 in
410 915 593 957 maxillis
630 914 856 956 hominum
894 915 1223 967 animaliumque
1259 914 1453 955 videmus
1490 926 1544 953 ex
1577 912 1696 966 lapfis
1722 912 1805 965 pri-

329 979 519 1025 moribus
548 978 753 1021 dentibus.
787 978 830 1019 Si
866 992 970 1019 vero
1004 991 1083 1031 pro
1119 978 1190 1016 tali
1226 978 1402 1028 vestigio
1440 990 1524 1015 non
1561 976 1805 1025 haberetur,-

330 1055 556 1089 numerum
576 1042 766 1083 dentium
790 1050 1042 1094 augeretffi‘t
1077 1041 1190 1087 octo,
1226 1048 1269 1078 et
1306 1052 1391 1078 non
1428 1039 1590 1092 septem
1622 1039 1669 1078 ab
1699 1051 1808 1077 vno-

332 1119 504 1160 quoque
549 1104 745 1146 maxillae
789 1104 917 1146 latere
952 1104 1164 1143 darentur.
1233 1101 1379 1156 Atque
1414 1100 1517 1144 haec
1553 1102 1597 1141 in
1634 1101 1808 1142 maxilla

329 1169 530 1212 inferiore
573 1166 835 1211 alveolorum
881 1167 1123 1209 constitutio
1175 1164 1280 1206 mihi
1331 1166 1458 1208 etiam
1519 1166 1651 1220 magis
1706 1177 1804 1206 cum

330 1234 400 1277 illa
433 1235 604 1276 videtur
638 1246 884 1287 congruere,
920 1244 1046 1286 quam
1083 1231 1204 1283 supra
1239 1229 1426 1284 adlegata
1459 1229 1626 1272 Tabula
1658 1228 1804 1271 Novo-

331 1312 420 1341 rum
457 1298 843 1341 Commentariorum
879 1307 901 1336 e
933 1292 1078 1336 cranio
1111 1290 1234 1334 foffili
1280 1293 1490 1347 Sibil-ico,
1528 1293 1808 1349 integerrimo

330 1362 556 1406 delineavi‘

523 1488 755 1535 Caeterum
791 1488 1050 1532 monendum
1086 1489 1162 1530 esse
1197 1486 1316 1539 duxi,
1357 1498 1427 1530 me
1456 1486 1501 1529 in
1524 1483 1803 1540 descriptione

332 1557 466 1599 cranii
516 1557 814 1598 Rhinocerotis
867 1555 1017 1596 asiatici
1072 1554 1149 1595 Vol.
1195 1553 1308 1595 XIII.
1360 1552 1519 1595 No-vor.
1584 1550 1806 1592 Comment,

335 1621 538 1671 exhibita,
578 1634 661 1662 non
698 1622 739 1661 id
773 1620 963 1668 voluiffe,
1000 1618 1335 1660 Rhinocerotem
1372 1631 1469 1658 cum
1503 1612 1632 1658 Suillo
1657 1626 1803 1668 genere

334 1686 579 1728 naturaliter
614 1686 692 1727 effe
728 1683 1083 1737 coniungendum,
1119 1684 1231 1737 quod
1261 1682 1325 1724 Ill.
1347 1681 1521 1737 Camper
1550 1678 1801 1720 intellexisse·

335 1750 536 1801 videtur,
587 1751 655 1791 sed
691 1749 890 1804 proxima
925 1748 1025 1789 stare
1057 1746 1260 1789 affinitate
1294 1756 1335 1789 et
1369 1747 1420 1787 ad
1455 1745 1637 1787 eundem
1673 1740 1804 1799 Ordi·v

337 1826 424 1858 nem
457 1814 681 1859 naturalem
715 1814 927 1869 pertinere
960 1812 1107 1854 videri.

377 2007 1753 2048 'w

1593 2308 1806 2357 OBSER-
