1992 2756
621 181 736 236 ..ᾗς
803 180 943 240 )221
984 181 1002 241 (
1065 181 1183 234 &tea-

345 294 594 346 „Rationes
630 298 907 353 praecipna5,
944 295 998 339 ob
1035 309 1136 354 quas
1174 309 1260 340 non
1295 295 1636 359 Hippopotami,

148 361 268 416 „sed
302 361 476 402 alicuius
513 360 742 417 Elephanti
779 362 928 405 dentes
965 364 1044 405 esse
1078 364 1291 416 arbitror,
1327 379 1398 408 me
1443 368 1529 410 iam
1574 371 1634 412 ita

150 426 434 482 „exposuisse
470 427 672 478 confido,
707 439 754 469 vt
791 427 953 470 nullum
990 430 1166 472 dubium
1202 431 1383 486 amplius
1429 433 1633 489 supereffe

150 521 179 546 „
198 493 313 547 posse
348 489 454 532 mihi
491 492 697 534 videatur.
782 492 935 534 Mirari
981 495 1181 547 equidem
1227 509 1312 536 non
1350 495 1443 539 satis
1479 497 1635 553 valeo,

149 586 177 610 ‚,
199 569 326 612 quam
364 556 420 597 ob
457 557 637 599 caussam
675 557 900 598 carnivoro
936 557 1134 599 tribuerit
1170 560 1343 603 animali
1379 563 1489 605 hanc
1542 565 1633 607 ma*

149 621 344 675 „xiilam
381 619 560 663 foffilem
597 620 870 681 canaden⁶em
895 621 1150 664 Humerus?
1187 624 1350 667 nullum
1388 629 1503 670 enirn
1529 628 1633 673 novi

148 717 177 740 ‚,
197 687 504 734 carnivorum,
538 687 673 740 -quod
726 685 871 727 dentes
926 688 1109 729 molares
1165 689 1222 731 ita
1274 691 1435 734 efficios
1488 693 1631 738 habet.

149 749 414 805 „Compara
448 751 643 792 Leonum
667 782 677 801 ,
714 749 975 806 Tygffidum,
1015 751 1226 795 Vriorum
1249 786 1258 799 ,
1298 754 1482 806 Canum,
1522 757 1634 802 Vui-

146 817 313 871 „pium
350 825 706 870 caeterorumque
730 817 925 865 molares,
965 817 1207 873 videbi-sque
1243 834 1394 862 omnes
1431 823 1509 864 eise
1534 836 1633 867 acu·

146 910 174 933 „
195 892 290 930 tos,
327 881 487 922 etiamsi
527 885 729 923 ramosos.
799 880 998 923 Maxiliaz
1036 882 1122 925 suas
1160 885 1201 925 in
1241 887 1429 928 verticali
1461 899 1631 932 tantum·

144 946 425 998 „dirediione
464 957 641 986 movent
675 946 778 988 haec
817 950 1069 989 carnivora:
1117 950 1386 1005 incognitum
1442 955 1631 1007 animal,

144 1011 294 1066 „quia
328 1009 561 1062 condylum
599 1010 723 1051 habet
759 1011 884 1052 instar
920 1012 1168 1067 Elephanti,
1205 1016 1288 1056 alio
1324 1017 1470 1059 modo.
1507 1019 1633 1062 Adde

144 1075 309 1129 „quod
347 1076 459 1116 idem
498 1073 681 1114 laniariis
719 1085 888 1125 careat,
925 1075 1008 1116 siue
1043 1077 1194 1130 quibus
1230 1079 1394 1121 nullum
1429 1083 1628 1124 carnivo-

145 1167 172 1194 ,-‚
192 1153 287 1181 rum
325 1139 438 1180 suam
475 1139 674 1193 praedam
710 1140 890 1180 retinere
927 1140 1073 1193 posset.
1144 1139 1329 1184 Videtur
1364 1153 1505 1186 tamen
1527 1160 1629 1202 pro-

145 1204 328 1258 „babile
365 1205 630 1259 incognitum
669 1202 751 1243 hoc
798 1203 926 1244 etiam
981 1204 1187 1263 eburneos
1219 1208 1427 1251 aexsertos
1478 1211 1629 1254 dentes‘

143 1269 374 1323 „habuisse
411 1270 453 1310 in
489 1267 663 1310 maxilla
699 1266 945 1321 superiore,
983 1278 1186 1323 tanquam
1226 1269 1427 1325 Elephas.
1505 1273 1626 1331 Ope-

143 1348 259 1389 „rae
296 1335 483 1388 pretium
519 1334 647 1387 igitur
681 1330 793 1372 foret
816 1362 827 1382 ‚
877 1341 926 1373 vt
962 1334 1148 1375 curatius
1201 1337 1343 1378 crania
1396 1347 1481 1380 tam
1529 1340 1627 1382 Eie-

142 1400 336 1455 „phanti
358 1431 369 1449 ‚
405 1412 532 1453 quam
568 1397 775 1451 incogniti
811 1399 922 1438 inter
956 1397 996 1439 se
1032 1410 1368 1455 comparentur3
1404 1403 1628 1458 probabile

142 1464 308 1518 „enim
345 1464 565 1518 hucusque
601 1461 707 1503 mihi
742 1461 943 1512 videtur,
997 1464 1236 1518 promiscue
1270 1480 1353 1522 pro
1406 1467 1624 1525 Elephan·

145 1530 289 1581 „tinis
324 1529 467 1586 habita
502 1527 631 1568 fuiffe.
699 1526 846 1568 Ardua
882 1528 1008 1569 etiam
1045 1530 1243 1585 persaepe
1294 1531 1353 1573 est
1403 1531 1508 1577 haec
1559 1535 1626 1578 di·

141 1594 386 1647 ‚‚stin&io,
421 1592 663 1646 praesertim
699 1590 727 1632 fi
778 1596 1095 1649 praeconceptis
1146 1595 1415 1651 indulgemus
1451 1598 1632 1654 opinio-'

141 1658 309 1711 „nibus
330 1687 340 1707 ‚
376 1656 737 1711 quemadmodum
775 1657 838 1698 inl
888 1656 1100 1714 Buffonius
1135 1670 1175 1702 et
1219 1660 1540 1707 D‘Aubentonus
1575 1670 1620 1707 in

143 1723 344 1777 „horum
382 1723 575 1763 dentium
621 1722 897 1777 descriptione
951 1723 1093 1781 (Tam.
1130 1722 1224 1767 XII.
1276 1727 1491 1783 imprimis
1546 1731 1620 1772 sub

142 1819 168 1841 „
189 1787 267 1831 No.
307 1787 510 1841 1513.),
545 1786 614 1827 vbi
652 1788 779 1828 etiam
817 1786 1050 1832 Collinlonii
1086 1789 1208 1845 super
1252 1791 1334 1833 hoc
1387 1793 1512 1835 dente
1564 1793 1617 1836 fi-

142 1883 168 1907 „
187 1867 321 1909 gnra,
359 1863 560 1905 tanquam
596 1844 985 1896 convenientiffima
1022 1854 1190 1896 citatur.
1212 1885 1238 1905 ‚‚

329 1915 659 1967 „Coniecturae
695 1930 812 1960 meae
848 1920 1015 1973 pondus
1050 1930 1270 1974 praeterea
1304 1920 1458 1963 addere
1495 1923 1615 1966 vide-

139 1993 253 2038 „tur
287 1982 390 2024 haec
425 1980 730 2023 consideratio:
765 1984 878 2037 quod
913 1984 1100 2040 quoniam
1145 1980 1381 2040 probastide
1429 1985 1627 2042 gaudere¹

136 2048 299 2103 „debet
333 2046 589 2101 incognitum·
612 2046 853 2100 neceffario,
906 2050 1033 2091 etiarn
1089 2049 1247 2092 idcirco
1271 2081 1283 2101 ‚
1336 2051 1468 2093 veluti
1515 2054 1614 2096 Ele-

137 2113 284 2168 „phas
307 2144 317 2162 ‚
353 2111 615 2167 primoribus
650 2111 844 2154 dentibus
879 2114 1139 2156 destituatur.
1214 2114 1377 2157 Verum
1415 2129 1611 2174 curpro-

137 2210 165 2233 „
189 2178 298 2222 scide
334 2177 478 2217 instrui
513 2175 659 2216 debeat
697 2177 958 2220 neceffario?
994 2181 1300 2234 interrogantes
1338 2183 1475 2224 audio.
1544 2180 1616 2226 Ob

135 2274 165 2297 „
188 2243 296 2284 hanc
318 2273 328 2288 ,
364 2241 628 2296 respondeo,
665 2243 840 2283 cantiam
864 2272 874 2289 ,
910 2248 1111 2297 quoniam
1149 2257 1204 2286 ex
1257 2247 1453 2289 maxillae
1506 2248 1616 2292 inse·

135 2308 304 2360 „rioris
343 2306 454 2348 mole
490 2303 720 2357 dijudicare
755 2306 979 2353 valemus,
1015 2318 1141 2364 cap-,it
1178 2310 1382 2366 incogniti
1420 2315 1498 2354 effe
1546 2315 1612 2355 in-

129 2401 157 2424 „
182 2384 282 2427 gens
304 2403 315 2425 ‚
349 2371 624 2429 elephantino
660 2372 803 2414 adulto
841 2374 989 2418 mains—v
1021 2380 1207 2431 adeoque
1244 2390 1446 2433 perquam
1466 2389 1604 2432 grave.

858 2438 887 2481 1³
914 2453 933 2480 e
975 2452 998 2490 :3
1567 2441 1611 2484 id
