1992 2756
819 152 936 204 “aaz
998 149 1015 204 )
1054 161 1143 190 122
1177 108 1207 205 (1
1257 148 1375 201 eze·-

370 279 472 312 cum
520 262 684 309 theoria
733 259 783 303 de
825 258 1015 316 menficra.
1037 260 1168 316 fhrtis
1209 270 1282 303 etc.
1327 259 1510 316 superius
1552 263 1708 308 citata:
1758 264 1832 308 hie

369 335 485 377 enim
519 331 615 370 sunt
649 324 929 368 oscillationes
964 327 1200 368 retardatae
1233 333 1277 367 e't
1310 325 1591 381 acceleratae,
1626 331 1740 385 quod
1773 331 1833 372 ibi

366 398 533 440 fuerant
575 390 707 447 puelli
741 401 785 434 et
815 390 1001 446 puellae:
1051 404 1152 446 ergo
1186 399 1353 432 mutato
1385 392 1559 433 nomine
1592 392 1662 434 hic
1695 395 1834 436 rursus

361 457 568 500 valebunt
601 458 770 507 omnia,
806 469 916 510 quae
947 456 993 497 in
1028 453 1365 498 Commentariis
1398 456 1532 498 Tum.
1567 455 1689 498 XIV.
1720 458 1767 499 P.
1801 458 1835 501 Ι.

363 522 648 565 demonstrata
681 521 822 572 fuere,
855 533 1044 574 quaeque
1079 520 1129 561 ad
1162 522 1407 563 innumeras
1441 520 1540 562 alias
1581 521 1836 575 quaestiones

362 587 467 629 sorti
501 586 701 628 subiectas
736 597 822 625 non
856 584 940 625 fine
975 585 1152 626 successu
1188 583 1390 640 applicari
1418 596 1632 641 poterunt.
1701 583 1839 627 Erunt

353 652 532 694 fortaffe
581 649 911 704 Philosophastii
961 649 1033 702 qui
1086 660 1287 703 tauquam
1333 650 1553 692 absurdum
1596 648 1838 700 habebunt,

360 717 477 771 quod
523 729 665 757 merae
718 714 998 756 oscillationes
1033 714 1268 755 retardatae
1302 726 1374 756 aut
1408 728 1551 756 merae
1585 714 1837 755 acceleratae

353 779 472 823 sorte
513 780 695 821 fortuna
744 793 819 833 per
861 779 1078 832 integrum
1124 778 1235 818 diem
1283 777 1356 817 fibi
1402 779 1622 819 succedere
1655 778 1839 831 possent:

361 857 445 900 ego
478 844 649 898 quidem
684 843 995 898 possibilitatem
1030 841 1262 883 absolutam
1296 841 1421 882 huius
1456 853 1631 883 euentus
1659 854 1744 881 non
1769 854 1841 880 ne-

355 919 433 964 go,
469 908 582 949 haud
619 907 732 950 secus
768 920 816 948 ac
850 920 937 949 non
973 919 1083 960 nego
1117 906 1209 946 fieri
1243 906 1357 960 poffe
1392 916 1440 945 vt
1473 906 1582 946 intra
1615 906 1840 959 proximos

353 979 552 1028 'quatuor
578 972 655 1014 vel
690 972 876 1026 quinque
910 983 1043 1013 annos
1076 969 1239 1011 Parisiis
1275 981 1326 1009 ne
1361 969 1487 1009 vnica
1514 969 1683 1022 quidem
1703 969 1842 1023 puella

351 1037 575 1079 nascatur.
643 1035 782 1078 Simul
826 1044 970 1076 autem
1006 1033 1175 1074 affirmo
1210 1045 1295 1072 non
1330 1033 1471 1071 minus
1505 1033 1730 1073 ridiculum
1765 1032 1840 1073 effe

353 1099 664 1142 'huiuscemodi
697 1097 1016 1153 poffibilitatum
1051 1096 1264 1137 rationem
1296 1093 1448 1135 habere
1469 1126 1480 1143 ,
1533 1108 1582 1135 ac
1617 1095 1843 1136 ridiculum

353 1162 477 1205 'foret
517 1160 562 1204 in
606 1161 963 1204 determinatione
1006 1160 1221 1201 distantiae
1256 1160 1390 1200 centri
1425 1158 1595 1199 Saturni
1632 1174 1656 1200 a
1689 1170 1843 1201 centro

352 1225 478 1271 'Solis
511 1222 852 1268 millionefimam
886 1235 1051 1279 partem
1088 1222 1227 1277 capilli
1261 1223 1492 1264 latitudinis
1522 1223 1728 1278 negligere
1748 1224 1841 1265 nol-

354 1290 429 1336 ·¹le:
480 1305 581 1334 vera
623 1292 739 1334 enim
771 1288 1045 1344 probabilitas
1078 1287 1203 1328 huius
1238 1285 1351 1327 casus
1386 1289 1641 1342 exprimitur
1676 1288 1844 1329 fractio-

352 1411 423 1440 ,ηε
460 1369 597 1467 ἐγω,
631 1395 750 1436 cuius
782 1394 1043 1449 paruitatem
1078 1404 1207 1432 nemo
1240 1390 1484 1433 mortalium
1521 1394 1671 1448 capiet.
1723 1393 1844 1447 Quo-

368 1487 484 1536 niam
519 1500 662 1533 autem
697 1490 845 1544 singuli
878 1488 991 1531 casus
1026 1488 1106 1529 alia
1139 1497 1264 1542 atque
1299 1488 1378 1528 alia
1416 1488 1708 1542 probabilitate
1742 1502 1845 1543 gau·

353 1558 483 1606 ⁷(lent,
518 1556 570 1597 ab
603 1555 807 1596 extremis
839 1555 983 1595 versus
1018 1553 1208 1593 medium
1243 1552 1444 1593 continue
1478 1553 1756 1602 increscente,
1796 1563 1844 1593 vt

356 1633 544 1663 ‘omnem
580 1635 603 1661 a
636 1633 708 1661 me
740 1629 927 1660 auertam
956 1616 1262 1663 morositatem,
1296 1616 1469 1659 vnicum
1494 1617 1705 1669 imprimis
1725 1629 1844 1656 corn-

354 1686 590 1726 ·mentabor
634 1697 713 1739 pro
757 1683 905 1723 nostris
941 1680 1243 1736 hypothesibus
1279 1682 1427 1721 statum
1449 1712 1459 1729 ‚
1513 1680 1665 1721 scilicet
1688 1680 1843 1735 statum

355 1750 561 1791 medium:
614 1761 725 1789 voco
759 1757 899 1788 autem
935 1747 1084 1786 statum
1121 1745 1306 1785 medium
1329 1775 1340 1793 ‚
1393 1745 1463 1797 qui
1499 1757 1629 1798 aequa
1663 1745 1844 1785 circum-

358 1813 569 1856 ³scribitur
601 1810 895 1868 probabilitate
930 1819 979 1850 vt
1012 1809 1228 1862 contingat
1267 1809 1336 1850 vel
1372 1820 1456 1848 non
1491 1808 1720 1862 contingat.

525 1879 561 1929 ξ.
601 1886 673 1926 15.
737 1875 950 1916 Ponamus
995 1886 1217 1914 numerum
1263 1871 1572 1914 oscillationum
1617 1872 1845 1913 retardata-

360 1956 469 1986 2rum
507 1943 580 1997 qui
615 1950 811 1995 tempore
844 1937 987 1980 medio
1026 1950 1086 1988 24
1119 1937 1319 1978 horarum
1355 1938 1581 1991 contigerit
1616 1952 1668 1976 z
1689 1935 1727 1976 N
1750 1942 1791 1981 -ι-
1809 1949 1844 1990 μ

359 2018 503 2062 ratque
538 2007 645 2047 adeo
678 2014 904 2046 numerum
939 2001 1245 2044 oscillationum
1275 2001 1596 2043 acceleratarum
1618 2015 1649 2039 ε
1673 1998 1712 2039 N
1731 2021 1771 2026 —
1791 2011 1845 2053 μ,

360 2071 449 2114 ⁴fiet
466 2088 469 2093 Δ
485 2081 655 2124 tempus
690 2069 884 2111 omnium
919 2066 1251 2108 oscillationum:

453 2128 1842 2198 z<N÷ra)·<1“÷a‘')÷(N-u><1¹¹—a11322N“÷2÷‡2¹2

376 2212 491 2265 quod
527 2225 623 2252 cum
661 2212 740 2253 efl'e
773 2210 940 2251 deberet
972 2224 1029 2250 z
1052 2222 1074 2247 2
1095 2207 1189 2260 ΝΗ,
1241 2210 1344 2250 haec
1387 2209 1537 2262 pos-tio
1573 2205 1697 2246 faciet
1729 2213 1844 2244 erro-

376 2289 466 2317 rem
502 2275 715 2328 horologii
749 2289 828 2329 pro
863 2273 935 2315 illo
969 2274 1036 2314 die
1071 2288 1125 2314 z
1151 2288 1173 2313 2
1196 2289 1229 2329 μ
1249 2276 1295 2314 an
1330 2274 1371 2312 in
1408 2285 1494 2312 exc=
1515 2271 1585 2310 (su.
1652 2266 1781 2321 Quod
1816 2266 1844 2306 si

362 2341 461 2383 iam
495 2340 674 2383 velimus
708 2352 868 2395 ponere
884 2376 891 2392 ,³
902 2337 1089 2396 μΞΝ,
1125 2340 1197 2394 qui
1232 2337 1408 2378 Vltimus
1443 2345 1557 2376 caius
1589 2333 1646 2373 est
1680 2331 1845 2385 poflibi-

757 2424 759 2427 f
1577 2404 1579 2406 ’
1752 2395 1846 2435 lita-
