1992 2756
610 171 728 225 »3³23
791 163 808 228 )
847 179 935 223 109
972 167 990 228 (
1053 169 1172 224 &323⁴-

466 396 773 445 SPECIMEN
806 396 1017 443 PHILOS
1025 396 1314 443 OPHICVM

849 492 885 529 D
896 492 931 528 E

142 572 977 640 COMPENSATIONIBVS
1045 571 1627 649 HOROLOGICIS‚

350 695 438 739 ET·
469 690 727 737 VERIORI
759 691 1064 736 MENSVRA
1097 691 1426 739 TEMPORIS,

761 822 805 867 A
823 838 851 866 u
870 823 910 866 ἂ
927 838 954 866 o
974 839 994 866 r
1013 836 1037 866 e

577 919 835 966 DANIELE
868 919 1214 966 BERNOVLLI,

814 1065 851 1114 ς.
919 1077 962 1106 1.

143 1119 419 1233 Quamuis
454 1201 522 1231 ars
556 1188 807 1244 horologica
840 1189 993 1230 nostris
1027 1186 1295 1244 temporibus
1329 1188 1381 1230 ad
1415 1187 1633 1233 summum

142 1256 418 1314 perfestionis
462 1254 640 1309 gradum
676 1254 821 1295 euet‘ta
853 1254 1077 1303 videatur,
1131 1252 1268 1294 nullus
1305 1263 1447 1295 tamen
1481 1255 1633 1296 dubito

143 1323 247 1377 quin
282 1321 326 1361 in
361 1319 536 1374 optimis
572 1317 807 1370 horologiis
829 1347 839 1366 ,
893 1317 943 1357 ad
978 1317 1291 1357 obseruationes
1328 1318 1631 1360 astronomicas

142 1384 446 1427 accuratiffime
489 1381 759 1423 instituendas
795 1380 987 1422 adhiberi
1022 1381 1150 1422 solitis
1173 1411 1184 1429 ,
1232 1381 1391 1422 multae
1427 1382 1633 1435 superfint

139 1447 408 1491 ineuitabiles
443 1447 643 1495 mendae,
691 1459 800 1500 quae
837 1447 1063 1500 aliquando
1098 1445 1217 1486 breui
1253 1455 1449 1499 tempore
1486 1446 1633 1487 obser·

142 1514 283 1556 natori
333 1525 531 1554 errorem
582 1510 772 1565 plurium
814 1512 1079 1552 minutorum
1117 1510 1397 1552 secundorum
1433 1510 1634 1551 horario·

141 1590 241 1620 rum
278 1576 433 1617 inferre
467 1575 634 1629 poffint.
703 1574 919 1616 Innumeri
955 1576 1050 1616 sunt
1083 1576 1363 1616 minimarum
1398 1573 1631 1616 aberratio-

143 1654 248 1684 num
281 1639 491 1688 fonticuli,
526 1639 599 1692 qui
633 1651 782 1681 omnes
815 1640 985 1681 homini
1019 1641 1114 1681 rudi
1149 1640 1200 1680 ad
1233 1640 1416 1680 evndem
1452 1638 1629 1680 censum

146 1704 365 1758 redigendi
401 1703 673 1754 videbuntur,
706 1717 812 1759 quos
850 1718 954 1746 vero
989 1706 1121 1758 magis
1157 1705 1326 1758 experti
1360 1704 1405 1744 in
1439 1703 1540 1745 duas
1561 1715 1632 1745 re-

143 1770 282 1811 ferent
332 1767 473 1809 elafii-:s
521 1767 724 1809 diuersas:
774 1769 880 1810 aliae
925 1770 1039 1810 enim
1085 1769 1183 1810 sunt·
1229 1767 1628 1815 aber-ratiunculae,

145 1847 253 1889 quae
286 1832 358 1874 vel
391 1832 515 1872 vitari
551 1832 622 1872 vel
653 1833 875 1874 diiudicari
909 1844 1032 1888 atque
1069 1834 1275 1874 aestimari
1302 1833 1482 1886 poffilnt,
1517 1831 1629 1871 aliae

144 1911 253 1952 quae
294 1897 464 1938 latitant
497 1900 688 1951 quaeque
721 1898 818 1939 sunt
851 1908 894 1939 et
928 1898 1149 1939 anomalae
1182 1907 1225 1937 et
1258 1908 1470 1936 anormes.
1536 1892 1631 1934 Pri-

145 1976 263 2003 mam
298 1961 462 2002 claffem
497 1961 637 2001 minus
671 1962 908 2004 morabitur
943 1963 1166 2003 industrius
1204 1960 1463 2007 obseruator,
1498 1970 1547 1998 ac
1566 1955 1630 1996 at·

145 2037 278 2068 teram
314 2025 567 2066 occultatam
602 2039 731 2080 aeque
765 2041 812 2068 ac
847 2028 1070 2068 incertam.
1118 2025 1207 2065 Has*
1233 2023 1481 2078 posteriores
1503 2021 1628 2062 abet-

143 2090 400 2132 ratiunculas
443 2089 602 2130 necesse
647 2091 705 2132 est
738 2105 817 2144 pro
843 2091 1034 2148 fortuitis
1067 2090 1222 2132 habere
1257 2087 1436 2143 perinde
1482 2099 1532 2127 ac
1565 2085 1629 2125 ia-

143 2156 260 2197 etum
303 2154 441 2206 aieae3
490 2155 686 2208 quamuis
728 2155 844 2196 nulla
875 2156 949 2197 fiat
981 2156 1189 2202 variatim
1242 2165 1348 2207 quae
1384 2163 1470 2191 non
1505 2151 1626 2192 suam

143 2220 301 2261 habeat
333 2222 498 2259 causam
530 2218 905 2261 determinantem.
970 2217 1062 2261 Nisi
1089 2220 1215 2259 essent
1234 2215 1625 2270 longeexiliffimae

142 2283 225 2325 hae
258 2283 515 2324 variationes
550 2284 710 2338 nisique
742 2284 863 2325 simul
896 2285 976 2325 sese
1004 2282 1320 2338 propemodum·
1336 2282 1485 2323 exacte
1503 2291 1628 2320 com-

142 2349 382 2403 pensarent,
418 2348 559 2389 aerum
591 2347 707 2390 foret
737 2349 790 2389 de
821 2350 1003 2402 genuina
1039 2347 1245 2403 temporis
1277 2346 1490 2388 mensura:
1527 2341 1623 2395 plus

867 2411 909 2455 O
948 2426 974 2463 3
1479 2412 1620 2447 tamen
