1992 2756
775 165 879 213 0202:
945 158 959 216 >
1002 171 1090 202 110
1132 159 1146 217 (
1212 159 1323 210 ezei<-

308 291 448 324 tameu
486 273 788 330 compensationi
824 286 951 327 quam
987 272 1168 314 exilitati
1204 271 1514 314 adscribendum
1553 274 1631 315 else
1664 281 1788 328 puto,

304 347 376 389 etsi
412 348 531 386 aliter
565 339 711 392 sentire
742 337 1032 378 intellexerim
1058 337 1287 378 Artificem
1315 339 1639 379 automatarium
1660 338 1785 391 longe

304 407 614 451 dexterrimum
651 403 855 456 simulque
892 403 990 442 artis
1028 402 1121 443 suae
1159 398 1272 456 quod
1309 400 1358 440 ad
1396 399 1602 441 theoriam
1637 402 1789 454 spectat

301 470 603 526 gnariffimum.
673 467 768 508 Hoc
825 467 1026 520 quicquid
1075 467 1124 507 fit
1170 466 1409 520 argumenti
1444 464 1588 519 paullo
1624 478 1791 507 accura-

305 537 387 576 tius
424 534 684 588 perpendere
720 533 929 572 constitui.

457 600 489 648 ξ.
532 611 572 638 2.
643 596 906 636 Incredibilis
943 595 1270 650 horologiorum
1309 594 1580 649 aequabilitas
1616 601 1706 634 tora
1735 591 1796 634 fe-

305 677 351 706 re
397 663 573 704 debetur
618 660 803 716 pendulo
848 658 1081 700 oscillanti:
1134 659 1363 712 pendulum
1411 669 1553 700 autem
1604 657 1797 699 describit

305 741 426 769 arcus
474 727 694 768 circulares
717 756 727 775 ‚
790 725 862 778 qui
898 724 948 764 ab
985 723 1296 764 isochronismo
1333 723 1641 776 aliquantillum
1678 733 1798 762 rece-

303 793 435 841 dunt3
486 791 584 831 huic
637 788 918 831 incommodo
962 798 1008 828 vt
1051 797 1292 828 occurreret
1345 800 1520 840 magnus
1573 786 1791 839 Hugenius

307 856 513 896 subtiliter
566 855 743 894 modum
797 853 960 893 inuenit
1004 862 1051 892 vt
1095 851 1326 906 pendulum
1379 863 1499 891 arcus
1537 849 1798 901 cycloidicos

309 919 538 960 oscillando
573 918 794 967 formaret,
841 916 1153 958 isochronismo
1187 915 1373 969 perfec‘to
1408 915 1608 954 donatos:
1645 923 1687 953 at
1721 925 1797 953 ve-

309 996 360 1024 ro
395 982 577 1022 laminae
614 981 886 1032 cycloidicae‚
924 994 1024 1033 quas
1060 993 1159 1020 eum
1195 980 1239 1018 in
1276 978 1410 1018 finem
1448 977 1701 1017 adhibendas
1722 990 1800 1030 po·

310 1047 446 1091 stillat,
483 1045 731 1085 difficillime
767 1047 809 1084 in
846 1044 1029 1083 debitam
1066 1042 1344 1082 efformantur
1373 1040 1667 1088 curuedinem,
1703 1053 1802 1081 cum

311 1110 449 1151 radius
486 1107 616 1147 osculi
652 1109 694 1146 in
732 1107 929 1159 supremo
975 1105 1194 1157 Vtriusque
1229 1104 1409 1144 laminae
1445 1103 1544 1143 loco
1579 1104 1627 1144 fit
1661 1103 1804 1144 infini-

313 1183 353 1213 te
389 1184 561 1226 paruus,
597 1180 895 1223 praeterquam
931 1169 1044 1222 quod
1081 1168 1267 1222 pluribus
1306 1168 1394 1208 aliis
1430 1167 1623 1208 laborent
1640 1169 1806 1210 incom-

313 1237 467 1278 modis.
537 1235 672 1287 Igitur
709 1234 862 1274 relictis
900 1232 1076 1274 arcubus
1113 1232 1358 1283 cycloidicis
1397 1232 1445 1271 ad
1483 1228 1706 1273 circulares
1741 1246 1808 1273 re-

314 1311 507 1351 currere3
560 1311 610 1337 ne
663 1307 805 1337 tamen
851 1308 1011 1336 errores
1056 1296 1154 1334 inde
1190 1296 1358 1334 orivndi
1405 1295 1608 1337 sensibiles
1645 1296 1801 1337 fierent

317 1370 654 1419 procurauerunt
690 1370 735 1400 vt
771 1359 1052 1399 oscillationes
1091 1369 1308 1398 manerent
1345 1358 1466 1398 valde
1507 1373 1675 1412 paruae,
1712 1373 1800 1413 quo

319 1439 476 1478 nempe
524 1425 716 1464 remedio
751 1421 1325 1477 isochronismus‘perfectus
1363 1432 1528 1462 tantum
1565 1436 1650 1462 non
1686 1424 1803 1465 resti-

319 1491 461 1532 tuitur.
538 1487 791 1528 Accuratius
828 1486 1061 1539 principia,
1115 1488 1219 1538 quae
1256 1487 1305 1526 ad
1343 1487 1556 1526 veriorem
1596 1488 1802 1541 temporis

322 1553 564 1596 mensuram
618 1563 724 1592 terra
760 1551 953 1603 marique
988 1550 1225 1590 conducere
1260 1550 1440 1603 poffint‚
1495 1551 1671 1604 exposui
1708 1560 1806 1593 ante

322 1618 402 1659 hos
439 1617 612 1669 triginta
648 1626 689 1656 et
724 1616 837 1669 quod
874 1613 1064 1655 excurrit
1102 1627 1258 1663 annos,
1298 1614 1514 1655 occafione
1552 1615 1803 1668 quaestionis

325 1682 376 1722 ab
427 1680 662 1721 Academia
705 1679 808 1733 Reg.
855 1677 921 1719 Sc.
966 1676 1089 1717 Paris}
1136 1679 1372 1732 propositae
1407 1692 1485 1732 pro
1521 1680 1638 1719 annis
1682 1689 1801 1730 1745

326 1756 368 1786 et
410 1756 546 1793 1747.
595 1745 636 1783 in
673 1743 985 1792 dissertatione,
1041 1755 1145 1795 quae
1182 1753 1353 1784 curante
1390 1745 1535 1783 eadem
1571 1743 1806 1784 Academia

327 1809 487 1863 publici
532 1809 631 1848 iuris
675 1807 778 1848 faeta
815 1807 891 1847 suit
923 1804 987 1862 (⁶),
1025 1819 1101 1846 nec
1139 1807 1219 1846 sine
1256 1807 1475 1860 voluptate
1511 1807 1714 1857 intellexi,
1733 1807 1807 1848 ha-

329 1873 455 1913 buiffe
493 1872 676 1912 adhibita
711 1886 734 1911 a
769 1885 837 1912 me
872 1870 1100 1924 principia,
1145 1869 1473 1912 Automatarios
1512 1871 1806 1913 Praestantiffi-

331 1950 425 1977 mos
464 1937 737 1988 maximeque
772 1935 932 1977 Parisiis
980 1933 1198 1985 Inclytos‚
1251 1936 1532 1988 suffragantes.
1603 1937 1649 1976 ln
1686 1948 1808 1988 prae-

333 2009 571 2040 memorata
615 2000 894 2040 dissertatione
938 2012 1031 2052 pag.
1072 2001 1141 2036 26.
1193 1998 1414 2040 theorema
1449 2001 1640 2053 protuli,
1692 1997 1806 2050 quod

334 2065 547 2117 imprimis
593 2063 672 2104 huc
718 2064 931 2117 pertinet,
982 2064 1031 2103 de
1067 2075 1170 2102 vero
1205 2065 1348 2105 valore
1384 2063 1691 2106 oscillationum
1726 2062 1808 2103 cir-

335 2129 556 2168 cularium.

490 2189 634 2230 Fuerit
679 2201 844 2245 tempus
880 2190 1149 2232 oscillationis
1186 2194 1385 2234 minimae
1423 2205 1467 2232 ac
1503 2191 1634 2232 veluti
1670 2189 1811 2230 infmi-

339 2262 379 2292 te
413 2265 568 2305 paruae
603 2254 744 2307 :T3
780 2255 887 2296 finrs
925 2265 1037 2295 totus
1074 2271 1125 2296 Ξ
1152 2269 1396 2308 10000003
1431 2257 1538 2296 smus
1575 2255 1713 2295 versus
1743 2268 1811 2294 ar-

1737 2330 1808 2357 CUS

391 2408 441 2457 (‘)
466 2411 509 2445 In
534 2409 727 2447 collcblz'onis
753 2411 1007 2461 dg'ffiri'ationum
1030 2415 1181 2460 praemio
1207 2411 1495 2449 comicroraiarum
1524 2412 1637 2447 Tomo
1666 2410 1732 2445 VI.
