1992 2756
607 127 748 180 »aa
789 122 805 183 )
843 131 896 168 σι
939 133 953 184 (
1020 124 1135 178 5:03·-

588 229 1066 296 Corollarium
1110 237 1153 297 I.

281 325 379 368 Hoc
414 325 685 367 ratiocinium
721 327 877 368 iterum
912 326 995 368 leui
1015 326 1260 381 exceptioni
1281 326 1337 369 est
1359 328 1612 383 obnoxium,

135 389 303 447 quando
339 389 496 431 scilicet
530 391 656 433 fuerit
692 404 790 431 n:
813 405 836 431 2
876 405 1109 445 omnesque
1146 393 1311 433 numeri
1342 400 1395 447 p,
1431 407 1479 447 q,
1515 408 1559 445 r,
1593 408 1614 437 s

133 457 343 512 impares:
399 456 607 496 tumenim
662 455 735 496 fiet
785 471 884 498 a:
912 469 950 504 1,
987 455 1086 495 b:
1111 469 1149 505 1,
1187 469 1323 496 c::1
1383 467 1424 497 et
1468 457 1610 499 dzx

133 512 318 574 hincque
347 517 524 571 nn':4‚
559 521 617 561 ita
650 531 697 560 vt
732 531 903 573 quoque
939 518 1011 559 fiat
1045 519 1148 560 n‘:
1164 533 1205 567 2,
1235 519 1374 574 ficque
1411 534 1498 562 non
1535 522 1616 563 mi-

136 599 217 627 nor
252 597 379 639 quam
414 598 451 626 n.
529 583 694 625 Verum
732 596 863 635 quum
900 582 999 624 hinc
1036 596 1237 624 numerus
1278 584 1366 624 2N
1411 597 1617 640 aequetur

135 652 322 691 summae
371 658 554 702 quatuor
603 647 938 700 quadratorum,
992 647 1158 688 aliunde
1210 649 1476 703 perspicuum
1530 651 1618 700 est,

137 715 265 755 etiam
317 711 522 753 semissem
572 710 616 752 N
652 711 746 751 fore
781 712 990 753 summam
1045 721 1229 766 quatuor
1283 715 1618 766 quadratorum,

134 779 194 819 ita
230 786 278 819 vt
309 776 412 818 haec
448 775 649 832 exceptio
683 776 792 818 nihil
825 777 947 832 plane
983 774 1153 818 turbare
1189 775 1238 818 sit
1274 778 1492 819 censenda.

582 868 1065 928 Corollarium
1109 869 1178 929 II.

284 957 388 1013 Quo
422 958 505 1000 hoc
542 956 690 998 clarius
726 959 997 1013 perspiciatur
1040 958 1119 1000 sint
1160 959 1330 1002 numeri
1369 967 1415 1015 p,
1450 972 1488 1016 q,
1525 972 1561 1011 r,
1595 969 1617 1002 s

135 1035 255 1080 pares
292 1031 333 1062 et
368 1035 393 1062 n
426 1033 625 1062 numerus
661 1035 765 1073 par3
801 1033 891 1063 tum
929 1024 1027 1073 quia

282 1089 955 1144 anpp-l-qq-Jf-rr-l-ss
990 1090 1070 1130 erit

288 1155 1225 1220 {Nn:(²‘⁴5³³)²÷(¹’÷‘⁷)²÷(r†⁹)²
1248 1156 1506 1223 ÷(r-T—³)²

136 1256 245 1302 quae
280 1254 460 1300 quatuor
496 1246 696 1298 quadrata
731 1246 878 1285 itidem
917 1255 1040 1284 erunt
1058 1246 1239 1298 integra,
1267 1260 1349 1300 qua
1371 1248 1617 1291 reductione

137 1312 200 1352 vti
235 1309 376 1350 licebit
395 1340 406 1358 ‚
445 1311 644 1362 quamdiu
682 1321 830 1349 omnes
868 1309 1024 1348 radices
1079 1320 1263 1361 quatuor
1316 1312 1617 1363 quadratorum

138 1374 295 1415 fuerint
331 1374 538 1427 impare53
573 1383 664 1415 tum
702 1384 842 1415 autem
865 1373 1067 1427 exceptio
1088 1384 1185 1414 ante
1210 1384 1451 1417 memorata
1469 1374 1618 1431 sponte

138 1436 339 1480 concidit.

689 1498 1050 1558 SchoHon.

270 1585 364 1627 Hac
399 1585 760 1629 demonstratione
792 1589 1053 1643 potissimum
1089 1587 1337 1632 Theorema
1371 1588 1474 1631 illud
1520 1588 1620 1633 Fer·

140 1652 378 1692 matianum
416 1650 655 1703 conficitur,
675 1653 1019 1707 quandoquidem
1056 1653 1182 1694 altera
1217 1668 1325 1708 pars,
1354 1668 1460 1708 quae
1485 1653 1624 1696 adhuc

139 1714 335 1769 superest,
372 1715 486 1767 quod
521 1715 677 1757 scilicet
711 1717 930 1772 proposito
967 1730 1226 1772 quocunque
1264 1731 1443 1760 numero
1476 1720 1624 1773 primo

140 1779 309 1833 semper
343 1778 530 1820 summae
567 1792 746 1835 quatuor
781 1783 1079 1836 quadratorum
1117 1783 1311 1824 exhiberi
1346 1792 1501 1837 queant
1546 1795 1621 1836 per

140 1843 262 1884 illum
296 1841 543 1894 diuifibiles,
579 1858 603 1886 a
636 1858 704 1887 me
740 1848 824 1887 iam
860 1847 1020 1887 dudum
1056 1847 1150 1887 satis
1187 1847 1296 1888 clare
1331 1847 1388 1889 est
1423 1845 1621 1900 expedita

141 1916 268 1961 atque
304 1905 409 1947 adeo
447 1919 584 1962 nuper
618 1923 642 1950 a
676 1907 820 1952 Celeb.
856 1911 899 1951 la
935 1910 1103 1963 Grange
1139 1911 1394 1951 subtiliffima
1444 1910 1621 1950 demon-

140 1971 339 2013 stratione
373 1970 429 2011 est
464 1970 641 2015 firmata.
691 1972 757 2016 Vt
792 1986 937 2016 tamen
983 1975 1066 2014 hoc
1118 1983 1414 2029 argumentum
1451 1973 1620 2028 penitus

143 2034 369 2077 conficiam
393 2064 403 2084 ,
440 2034 682 2090 sequentem
714 2039 1119 2082 demonstrationem
1170 2038 1401 2081 admodum
1452 2037 1622 2082 facilem

141 2099 212 2142 hic
248 2099 508 2154 subiungam.

661 2163 1000 2223 Theorema
1045 2165 1121 2225 V.

292 2251 327 2299 §.
370 2261 441 2290 11.
507 2251 711 2308 Propofito
747 2265 974 2309 quocunque
1008 2265 1168 2295 numero
1195 2253 1328 2308 primo
1361 2250 1406 2293 N
1442 2264 1517 2295 non
1558 2251 1622 2302 fi)-

140 2313 221 2356 lum
255 2323 455 2368 quaterna
489 2316 693 2370 quadrata
726 2330 867 2359 verum
904 2320 1002 2360 adeo
1038 2328 1154 2360 terna
1200 2318 1405 2372 quadrata
1452 2316 1622 2369 infinitis

850 2382 892 2423 H
932 2395 955 2433 3
1497 2377 1621 2420 modis
