1992 2756
793 198 911 250 »52253
974 192 990 249 )
1031 192 1171 252 120(
1234 194 1352 249 5:03<-

330 313 564 370 regulareS,
598 307 721 349 valde
756 308 975 351 variabiles
1011 319 1135 365 atque
1170 307 1429 352 obseruatori
1463 312 1640 355 omnino
1674 312 1806 358 laten-

329 388 405 419 tes.
443 376 574 428 Igitur
604 374 803 427 quamuis
841 387 926 415 non
964 374 1043 416 smt
1076 375 1370 428 contingentes
1405 388 1483 429 per
1518 376 1570 425 se,
1605 391 1690 419 non
1708 394 1807 434 pos-

326 443 422 482 sunt
456 451 542 479 non
575 450 656 493 pro
696 437 846 480 talibus
882 439 1042 482 haberi.
1109 440 1224 481 Haec
1261 451 1361 480 cum
1395 440 1453 480 ita
1473 439 1550 481 fint
1569 443 1804 486 existimaui

326 517 417 545 non
452 503 562 545 male
599 503 737 544 acrum
774 504 897 554 fore,
945 504 975 546 fi
1009 504 1090 546 hae
1123 505 1326 546 minimae
1361 505 1689 548 variatiunculae
1725 509 1806 549 cal-

327 568 429 611 culo
473 567 744 610 subiiciantur
789 579 913 622 atque
956 568 1173 621 theoriae,
1224 582 1351 623 quam
1387 569 1562 624 exposui
1598 571 1641 610 in
1675 569 1808 612 Com-

325 633 549 676 mentariis
584 631 723 674 Nouis
758 631 1020 675 Academiae
1055 633 1314 690 Imperiafis,
1365 633 1500 676 Tom.
1533 632 1657 676 XIV.
1694 645 1809 690 parte

324 699 476 754 priori,
510 711 605 753 pag.
646 700 707 737 26
740 706 782 737 et
818 697 899 750 seq,
935 698 1007 739 vbi
1044 698 1255 740 theoriam
1290 698 1384 739 dedi
1428 699 1476 740 de
1512 698 1691 754 mensura
1720 700 1811 756 sor-

331 763 389 805 tis
424 762 483 804 ad
505 761 725 819 fortuitam
747 759 1024 815 sttcceffionem
1056 776 1192 804 rerum
1228 763 1474 804 naturaliter
1501 765 1810 818 contingendum

327 827 551 883 applicata.
618 826 832 880 Equidem
877 826 1078 868 infinities
1123 826 1254 880 magis
1294 826 1599 880 complicatum
1636 829 1693 867 est
1727 828 1810 867 hoc

326 890 522 947 praesens
561 891 751 931 nostrum
787 901 1085 944 argumentum
1124 903 1252 945 quam
1287 891 1401 943 quod
1436 890 1568 930 modo
1601 890 1808 944 assegaui,

324 954 400 997 vbi
434 955 520 996 duo
555 954 702 996 saltem
736 955 849 996 casus
886 956 1160 997 examinandi
1194 963 1324 1003 erant,
1363 967 1459 994 cum
1494 955 1537 993 in
1567 955 1710 994 nostro
1733 967 1811 995 no-

325 1032 386 1060 uo
437 1029 689 1073 argumento
739 1019 912 1072 proprie
959 1020 1115 1060 infiniti
1163 1018 1277 1057 casus
1326 1017 1455 1056 essent
1488 1018 1808 1067 considerandi,

326 1084 672 1135 quandoquidem
708 1081 886 1133 singulas
921 1082 1181 1122 vibrationes
1217 1078 1388 1134 penduli
1424 1079 1729 1134 aliquantillum
1758 1081 1809 1122 ab

323 1146 514 1188 inuicem
553 1144 719 1187 differre
759 1146 901 1199 negari
936 1158 1022 1187 non
1057 1144 1207 1201 potest.

489 1245 525 1295 §,
567 1256 638 1285 12.
706 1242 770 1284 Vt
805 1245 936 1285 modo
971 1243 1103 1283 didiae
1138 1240 1471 1293 complicationi‚
1510 1255 1614 1297 quae
1634 1244 1812 1285 inextri-

327 1309 474 1352 cabilis
509 1307 632 1356 foret,
670 1309 907 1348 remedium
944 1305 1156 1353 afferatur,
1195 1303 1372 1344 sufficiet
1407 1307 1557 1360 vtique
1593 1321 1740 1348 omnes
1769 1317 1812 1349 et

326 1372 507 1429 fingulas
542 1370 713 1424 penduli
749 1369 1031 1412 oscillationes
1069 1369 1117 1409 ad
1154 1367 1253 1407 duas
1290 1367 1442 1409 referre
1478 1370 1642 1420 classes,
1680 1382 1811 1413 retar-

328 1439 448 1479 datas
483 1434 638 1476 scilicet
672 1444 715 1474 et
749 1434 1012 1483 acceleratae,
1049 1444 1172 1486 atque
1210 1432 1252 1471 in
1288 1433 1432 1485 quauis
1468 1434 1584 1474 claffe
1607 1435 1808 1488 fimplici-

267 1519 272 1524 ·
329 1511 394 1543 ter
430 1500 623 1552 accipere
657 1499 865 1549 mediam,
906 1499 965 1538 ita
1001 1507 1070 1546 vt,
1105 1510 1184 1550 pro
1218 1508 1318 1536 vera
1354 1498 1558 1550 temporis
1596 1497 1812 1549 mensura,

329 1566 411 1608 fint
456 1562 735 1604 oscillationes
779 1562 822 1603 in
860 1567 1040 1616 vta-aque
1075 1561 1192 1602 classe
1229 1557 1405 1601 numero
1440 1559 1623 1615 perfecte
1656 1575 1804 1616 aequa-

333 1629 394 1672 les
430 1627 636 1682 fimulque
671 1626 824 1670 alterae
861 1627 1008 1669 alteras
1043 1625 1226 1680 perfec‘ie
1261 1623 1548 1679 compensent.

485 1722 551 1765 Sit
584 1722 889 1777 horologium,
930 1723 1046 1764 cuius
1082 1721 1311 1776 pendulum
1347 1721 1398 1762 ad
1436 1721 1599 1763 minuta
1632 1722 1810 1764 secunda

331 1791 500 1832 vibrare
532 1787 682 1828 debeat
719 1798 843 1843 atque
878 1789 983 1829 adeo
1019 1797 1208 1840 tempore
1244 1787 1385 1826 medio
1425 1798 1484 1837 24
1519 1786 1609 1827 hor.
1655 1791 1806 1838 86400

334 1853 613 1896 oscillationes
649 1852 871 1906 perficere,
907 1853 935 1893 fi
973 1851 1153 1905 fingulae
1189 1851 1467 1892 oscillationes
1504 1851 1613 1891 inter
1647 1851 1684 1892 se
1713 1864 1808 1905 per-

335 1919 440 1961 fecte
475 1916 720 1958 isochronae
754 1926 971 1971 ponantur
1006 1914 1224 1970 ipsumque
1261 1914 1533 1969 horologium
1556 1915 1738 1969 perfec'te
1757 1916 1806 1955 ad

334 1991 502 2038 tempus
548 1982 735 2022 medium
782 1982 909 2022 fuerit
956 1981 1216 2021 ordinatum:
1269 1989 1361 2020 tum
1397 1992 1501 2020 vero
1536 1979 1586 2020 ab
1621 1978 1806 2020 isochro·

333 2049 476 2089 nismo
515 2045 823 2087 oscillationum
862 2044 1046 2100 persedio
1063 2042 1278 2097 paululum
1299 2044 1554 2093 recedamus,
1589 2043 1647 2083 ita
1665 2053 1804 2083 tamen

335 2121 385 2152 vt
418 2123 566 2152 omnes
603 2111 654 2152 ad
688 2110 788 2151 duas
823 2109 983 2158 classes,
1019 2107 1192 2148 alteram
1227 2107 1502 2148 acceleratam
1538 2106 1709 2147 alteram
1744 2120 1808 2147 re-

336 2175 541 2215 tardatam
563 2204 574 2224 ‚
624 2174 876 2224 referantur,
909 2182 1032 2226 atque
1067 2184 1272 2226 ponamus
1309 2171 1583 2213 oscillationes
1618 2171 1806 2212 eiusdem

338 2237 468 2278 claffis
504 2238 685 2291 perfecte
718 2238 976 2286 isochronas‚
1013 2236 1189 2276 diuersas
1226 2246 1366 2277 autem
1402 2236 1628 2290 aequaliter
1662 2245 1806 2275 avero

338 2301 482 2343 valore
526 2301 648 2341 vnius
684 2303 836 2343 minuti
867 2301 1047 2349 secundi,
1082 2301 1124 2340 in
1160 2310 1384 2354 vtramque
1420 2309 1581 2353 partem
1616 2297 1809 2351 differre3

338 2365 519 2419 denique
553 2364 779 2407 statuamus
814 2365 1040 2420 vnicuique
1074 2364 1320 2406 oscillationi
1357 2375 1533 2417 aequam
1566 2361 1688 2403 inesse
1705 2374 1806 2415 pro-

1699 2438 1806 2481 pen-
