1992 2756
837 190 952 241 ”5213
1016 188 1032 246 )
1070 187 1208 245 390(
1272 188 1386 242 ἔξω

513 339 518 342 .
566 305 637 347 Ex
691 302 828 345 tabula
877 302 1009 357 priori
1060 301 1335 358 intelligitur,
1388 313 1463 358 per
1504 309 1645 348 totum
1680 316 1836 346 annum

383 372 507 416 fuisse.

530 433 533 435 ’
568 432 852 474 Altitudinem
887 430 1213 473 Thermometri
1256 430 1476 473 minimam
1498 464 1508 480 ‚
1561 433 1626 474 seu
1661 434 1836 486 gradum

386 498 551 551 frigoris
595 498 772 539 maximi
816 505 902 545 189
940 496 1052 549 grad.
1087 493 1235 535 Delisl.
1272 497 1409 536 mense
1445 496 1657 538 Februarii
1693 497 1759 536 die
1799 507 1838 544 2,

386 562 496 603 hora
540 562 749 602 matutina
791 559 870 600 Vl.
906 559 1162 600 Barometro
1213 568 1310 600 tunc
1364 562 1566 615 temporis
1619 568 1841 602 momento

390 635 569 676 28.41;
614 622 750 666 Coelo
782 624 926 664 sereno
960 624 1193 675 existente3
1229 624 1377 665 nebula
1414 635 1455 665 et
1489 625 1676 666 malacia.
1745 623 1841 663 Hoc

388 702 490 742 ergo
532 688 660 742 frigus
695 690 935 730 maximum
976 700 1044 726 11.
1081 687 1274 740 gradibus
1311 689 1449 730 minus
1485 688 1752 730 obseruatum
1789 686 1845 726 est

388 765 500 794 anno
534 753 686 793 vltimo
721 752 1004 806 praecedente.

576 848 863 888 Altitudinem
897 847 1218 887 Thermometri
1255 847 1484 886 maximam
1506 877 1516 896 ‚
1568 848 1632 887 seu
1671 847 1847 901 gradum

391 914 541 954 caloris
578 912 755 952 maximi
796 923 895 957 109.
931 910 1048 961 grad.
1085 909 1232 948 Delisl.
1269 910 1334 948 die
1373 913 1412 947 6.
1450 909 1557 958 Iulii,
1602 910 1706 950 hora
1740 911 1850 964 post-

392 977 619 1019 meridiana
655 974 708 1014 ll.
744 974 1043 1012 Barometrum
1084 979 1155 1014 28.
1194 983 1278 1021 033
1329 972 1496 1011 coelum
1532 985 1587 1012 ex
1621 984 1738 1024 parte
1775 985 1850 1012 nu-

394 1042 512 1080 bibus
549 1038 799 1087 obdut‘him3
833 1044 968 1074 vento
1002 1034 1150 1074 leniter
1183 1035 1308 1074 flante
1343 1048 1365 1074 e
1400 1036 1569 1087 regione
1606 1034 1693 1076 SO.
1760 1036 1853 1076 An·

393 1105 457 1144 nis
501 1101 734 1155 praeteritis
784 1098 896 1138 calor
933 1098 1141 1138 maximus
1178 1097 1452 1149 deprehensus
1489 1099 1568 1138 fuit
1609 1103 1720 1147 106,
1763 1109 1844 1148 105

395 1177 437 1208 et
477 1179 565 1216 104
599 1164 818 1218 graduum,
852 1162 1031 1214 ideoque
1068 1160 1305 1201 notabiliter
1340 1163 1475 1202 maior
1510 1162 1590 1203 hoc
1629 1175 1751 1203 anno,

587 1260 699 1301 Hinc
751 1258 929 1298 variatio
978 1256 1301 1297 Thermometri
1355 1258 1542 1298 maxima
1593 1257 1647 1302 '80
1685 1266 1850 1298 tantum

399 1327 603 1382 graduum
640 1324 864 1364 secundum
900 1320 1161 1360 Diuisionem
1197 1319 1483 1362 Delislianam.

594 1419 790 1462 Altitudo
840 1415 1160 1457 Thermometri
1213 1417 1349 1457 media
1398 1418 1505 1458 inter
1557 1431 1701 1458 omnes
1754 1429 1857 1470 quae

405 1498 528 1527 mane
564 1495 606 1524 et
640 1483 808 1535 vespere
845 1480 1085 1519 obieruatae
1122 1479 1302 1527 fuerunt,
1340 1482 1393 1521 est
1435 1494 1520 1530 149
1551 1487 1773 1534 graduum:
1810 1494 1857 1520 ea

409 1559 549 1590 autem
594 1559 698 1600 quae
743 1557 794 1583 ex
831 1542 1184 1583 obseruationibus
1220 1543 1309 1596 post
1346 1545 1583 1585 meridianis
1618 1556 1737 1586 eruta
1772 1544 1861 1594 est,

410 1621 608 1666 aequatur
650 1621 734 1659 142
772 1607 973 1660 gradibus.

601 1705 742 1759 Frigus
787 1703 868 1744 hoc
915 1715 1021 1742 anno
1071 1713 1190 1752 1777
1229 1715 1437 1757 nunquam
1475 1705 1521 1744 ad
1557 1705 1728 1757 gradum
1771 1714 1856 1751 190

413 1772 618 1828 peruenit.
688 1770 865 1808 Interim
913 1766 1087 1806 ostendit
1123 1767 1255 1807 tabula
1292 1769 1465 1808 secunda
1499 1767 1611 1808 fuiffe
1651 1778 1737 1815 177
1774 1767 1860 1805 dies

413 1837 647 1889 frigidiores
682 1834 808 1886 gradu
850 1842 967 1879 150,
1012 1831 1092 1870 hoc
1129 1831 1184 1870 est
1220 1832 1516 1885 congelationis
1553 1831 1744 1872 naturalis
1780 1841 1863 1870 ter-

414 1913 558 1948 mmo,
594 1900 699 1938 inter
735 1909 839 1949 qum
875 1895 1042 1947 quidem
1080 1907 1136 1942 95
1178 1897 1345 1936 fuerunt
1379 1896 1497 1945 dies,
1553 1896 1700 1949 quibus
1735 1893 1862 1947 frigus

414 1963 628 2018 superabat
670 1965 754 2000 160
789 1960 950 2012 gradus.
1021 1958 1067 1997 In
1103 1957 1167 1997 his
1204 1972 1331 2010 porro
1367 1962 1679 2000 numerauimus
1702 1970 1757 2007 39
1778 1958 1862 1997 dies

417 2028 651 2081 frigidiores
688 2026 814 2079 gradu
856 2036 940 2072 170
978 2032 1016 2062 et
1054 2032 1212 2061 tantum
1247 2034 1266 2070 5
1290 2024 1523 2076 frigidiores
1558 2023 1688 2075 gradu
1729 2029 1830 2064 180.

606 2151 773 2193 Deinde
810 2151 943 2204 quoad
981 2150 1177 2197 calorem,
1215 2160 1323 2202 patet
1359 2160 1411 2189 ex
1432 2148 1576 2189 eadem
1598 2147 1749 2194 tabula,
1782 2144 1864 2185 hoc

428 2229 547 2266 1777
601 2230 709 2257 anuo
760 2216 874 2255 fnisse
925 2227 1009 2263 243
1057 2215 1141 2253 dies
1178 2215 1322 2264 quibus
1359 2213 1531 2253 altitudo
1568 2207 1867 2251 thermometri

423 2280 654 2333 pmcnaluit
707 2280 888 2319 termino
944 2277 1243 2329 congelatior-is
1301 2289 1384 2325 150
1437 2287 1478 2317 et
1523 2277 1630 2316 inter
1663 2275 1740 2325 hos
1780 2275 1868 2312 168

1783 2335 1869 2374 dies
