1992 2756
669 192 783 244 ”3033
852 189 994 248 >329
1031 189 1049 249 ,(
1113 193 1226 244 &2⁶30-

404 309 437 359 §.
480 322 518 349 2.
587 306 632 350 Si
669 317 811 350 autem
849 322 930 364 pro
964 317 1163 365 ‘tempore
1200 310 1424 354 Periodico
1459 313 1596 370 aliqua
1616 314 1689 357 ad-

211 374 405 418 mittatur
442 375 638 424 mutatio,
674 374 735 415 illi
771 377 1077 417 conuenienter
1112 376 1272 431 reliqua
1306 379 1435 418 etiam
1458 378 1688 423 Elementa

214 444 352 481 forent
390 440 667 487 immutanda,
705 440 743 480 id
783 440 896 494 quod
933 454 987 481 ex
1024 440 1202 482 Tabulis
1235 445 1272 494 ξ.
1314 453 1385 493 17.
1419 441 1700 485 Dissertatio-⁷

212 508 274 546 nis
313 505 444 545 modo
464 506 612 546 citatae
631 504 780 552 allati&
803 505 992 546 redditur
1011 507 1308 559 perspicuum3
1344 520 1398 548 ex
1417 509 1550 562 priori
1571 510 1690 550 enim

210 570 480 624 intelligitur,
516 579 711 623 tempore
742 568 970 610 ‘Periodico
1000 569 1144 619 audin,
1194 570 1486 613 Parametrum
1523 573 1687 615 orbitae

212 636 369 690 augeri,
427 645 469 675 et
511 634 718 688 posterior
752 632 937 674 declarat
972 643 1201 687 augmento
1237 637 1440 690 temporis
1475 636 1690 680 Periodici

211 702 340 744 etiam
378 708 654 753 augmentum
689 697 905 750 quoddam
946 698 1163 739 distantiae
1190 698 1389 740 Perihelii
1420 702 1686 756 respondere.

212 764 442 808 Caeterum
479 772 643 803 mutato
674 762 901 815 'Tempore
937 761 1232 814 reuo'lutionis,
1266 765 1396 805 etiam
1416 776 1502 807 tam
1523 767 1686 822 Longi·

212 830 317 872 tudo
351 826 484 875 Nodi‚
520 838 646 880 quam
683 825 902 866 inclinatio
936 827 1096 868 orbitae
1133 828 1289 881 aliquas
1326 829 1519 871 subibunt
1544 835 1691 873 muta‹'

178 918 179 921 =
210 895 357 935 tiones.
426 888 470 932 Si
497 903 601 932 vero
630 890 885 944 fingnlarum
913 892 1064 934 harum
1092 893 1382 934 mutationum
1410 896 1622 936 rationem
1642 897 1688 936 in

207 955 429 1013 proposito
449 955 621 1010 negotio
640 955 796 998 habere
816 956 1194 1009 voluiffemus,rem
1213 958 1393 999 omnino
1411 957 1688 1001 difficillimae

210 1021 419 1075 indaginis
455 1019 625 1075 adgreffi
661 1021 837 1062 essemus
859 1053 870 1070 ,
922 1035 1055 1077 quum
1090 1023 1167 1064 vix
1201 1024 1378 1076 quidem
1413 1024 1691 1066 determinari

212 1095 363 1141 queat,
398 1097 481 1137 qua
513 1085 677 1126 ratione
715 1087 910 1125 omniurn
947 1084 1155 1128 Cometae
1190 1086 1520 1128 Elementorum
1556 1090 1693 1129 varia-

216 1151 357 1193 tiones
394 1150 504 1190 inter
537 1147 578 1190 se
615 1148 939 1201 combinentur;
983 1160 1076 1192 tum
1112 1163 1219 1192 vero
1254 1152 1465 1192 eiusmodi
1498 1152 1695 1206 disquifi·

214 1217 277 1257 tio
312 1216 493 1257 omnino
528 1227 609 1268 pro
643 1212 850 1268 superflua
884 1213 1077 1256 habenda
1112 1215 1259 1266 fuisset,
1295 1217 1501 1270 siquidem
1525 1229 1603 1271 pro
1626 1217 1693 1256 in-

213 1281 359 1322 ssituto
395 1277 573 1329 sufficit,
617 1287 664 1318 vt
698 1278 791 1320 loca
827 1275 1044 1319 Cometae
1080 1280 1190 1320 intra
1222 1281 1530 1333 praecisionem
1564 1282 1690 1323 vnius

214 1346 285 1387 vel
330 1345 498 1386 alterius
533 1343 683 1398 gradus
717 1342 985 1384 definiantur.
1054 1342 1105 1384 In
1141 1344 1284 1385 nostro
1320 1345 1448 1400 igitur
1482 1356 1691 1401 computo

216 1411 457 1452 constanter
495 1408 554 1449 vfi
590 1407 745 1458 sumus,
780 1408 859 1449 illis
898 1406 1106 1450 cometae
1128 1408 1378 1460 Elementis,
1414 1423 1521 1464 quae
1556 1413 1590 1462 §.
1615 1423 1690 1461 30.

217 1474 530 1518 Dissertationis
568 1473 712 1513 allatae
746 1474 1074 1529 proposuimus,
1109 1487 1189 1528 pro
1223 1473 1415 1516 habenda
1449 1485 1591 1516 autem
1628 1489 1695 1516 ra-

217 1541 336 1579 tione
368 1538 623 1578 rdiscriminis
659 1539 701 1578 in
737 1537 956 1594 Tempore
989 1538 1244 1590 Periodico,
1300 1539 1438 1580 varias
1474 1539 1693 1580 constitui-

217 1616 311 1645 mus
360 1601 617 1655 hypotheses
663 1601 846 1657 respectu
883 1604 1101 1658 temporis,
1137 1616 1224 1657 quo
1245 1599 1430 1644 Cometa
1465 1615 1541 1657 per
1575 1603 1692 1644 Peri-

215 1667 379 1709 helium
401 1668 518 1705 {unm
539 1666 681 1707 transit
700 1679 711 1720 ;
745 1669 856 1720 quod
878 1681 1009 1721 quum
1031 1668 1218 1708 incidere
1238 1667 1413 1709 deberet
1432 1667 1473 1708 in
1499 1680 1553 1717 13
1576 1668 1690 1709 diem

218 1730 398 1785 Augusti
433 1729 550 1770 Anni
592 1740 727 1781 1781,
762 1733 791 1773 fi
828 1742 997 1786 tempus
1034 1732 1302 1774 Periodicum
1323 1732 1591 1787 propositum
1612 1733 1693 1773 rite

217 1797 259 1837 se
294 1795 460 1842 habeat,
505 1793 744 1847 hypothesis
780 1797 1020 1851 principalis
1057 1797 1128 1846 est,
1164 1810 1246 1849 qua
1272 1797 1521 1851 supponitur
1553 1796 1694 1837 Tem-

220 1873 298 1914 pus
334 1857 529 1900 Perihelii
564 1859 607 1898 in
647 1873 699 1909 13
739 1860 850 1916 Aug.
886 1862 1102 1912 incidere3
1153 1860 1343 1914 reliquae
1377 1871 1513 1901 autem
1552 1860 1694 1914 hypo-

222 1923 359 1964 theses
414 1923 510 1962 inde
561 1922 824 1976 formantur,
877 1925 992 1978 quod
1045 1935 1212 1980 tempus
1257 1924 1455 1966 Perihelii
1490 1924 1692 1966 statuatur

220 1988 402 2029 incidere
432 1988 472 2026 in
503 1986 613 2028 diem
639 2001 692 2037 13
713 1990 971 2045 reliquarum
1008 1991 1229 2031 mensium.
1296 1988 1695 2035 Determinationes

222 2063 364 2094 autem
411 2050 604 2092 locorum
651 2051 892 2105 Cometae,
943 2055 1007 2096 his
1053 2054 1289 2096 Elementis
1341 2054 1691 2096 accommodatae

218 2130 305 2158 non
342 2116 511 2169 quidem
548 2119 779 2160 enormiter
815 2134 837 2161 a
872 2132 977 2176 vero
1022 2119 1212 2160 aberrare
1256 2121 1458 2173 possunt,
1508 2118 1582 2159 nifi
1616 2118 1692 2159 vbi

221 2179 407 2222 Cometa
443 2180 565 2221 valde
601 2195 735 2235 prope
770 2185 818 2225 ad
855 2184 1051 2225 tellurem
1074 2184 1249 2234 accedit,
1286 2183 1526 2225 huiusmodi
1549 2194 1694 2224 tamen

221 2246 267 2286 in
322 2244 478 2285 caslbus
533 2257 583 2286 ne
633 2246 860 2289 Elementa
904 2249 1077 2303 quidem
1123 2248 1376 2291 exafflffime
1412 2249 1694 2290 determinata

218 2323 304 2366 pro
355 2309 458 2350 locis
513 2307 721 2352 Cometae
772 2309 1065 2357 Geocentricis
1117 2314 1446 2358 exac'titudinem
1489 2313 1692 2372 praebvnt

221 2376 324 2418 Αέῖα
340 2374 467 2418 Acad.
488 2373 584 2432 lmp.
603 2375 674 2419 Sc.
692 2375 802 2420 Tom.
821 2376 854 2419 Ι.
872 2379 919 2420 Ρ.
934 2376 989 2421 ΙΙ.
1206 2378 1251 2422 Τ
1285 2387 1303 2421 t
1550 2372 1692 2430 omni:
