1992 2756
605 145 722 197 >523ss
789 140 802 198 )
846 143 987 200 197<
1053 145 1169 197 2590<-

152 258 396 318 gantiores,
433 256 493 298 vti
530 257 739 309 inssiuo,
777 271 873 298 cum
912 258 1038 298 vnico
1093 270 1256 310 cornu,
1311 267 1404 301 ante
1457 260 1629 314 triginta

155 339 283 368 annos
318 324 419 365 vidi.
487 320 664 376 Reliqua
698 322 794 362 icon
832 323 1098 363 demonstrat.

343 419 387 461 Si
422 418 531 459 Tab.
568 417 627 458 V.
663 420 952 473 caragi-aphice
987 420 1239 460 delineatam
1260 420 1629 474 contemplemini,

154 494 203 525 vt
238 493 278 525 et
313 483 422 524 Tab.
459 482 540 523 VI.
578 483 647 536 fig.
689 497 725 523 1.
761 497 867 536 quae
904 497 925 522 a
962 484 1100 524 fronte
1136 485 1246 524 idem
1299 495 1425 539 caput
1461 498 1631 539 reprae-

154 550 319 594 sentat,
355 547 510 600 aliquid
545 547 714 599 grande,
752 557 881 597 atque
919 547 1132 587 maiestate
1167 546 1440 601 conspicuum
1477 551 1521 590 in
1546 549 1629 589 hoc

156 612 326 653 animali
362 611 649 655 mirabimini,
696 610 809 663 quod
847 609 986 648 verbis
1022 610 1197 650 describi
1235 616 1412 664 nequit,
1450 624 1493 654 et
1513 614 1628 668 quod

154 678 197 718 in
235 688 431 731 aprorum
468 686 621 727 genere
657 686 784 726 quam
823 674 1014 713 maxime
1051 674 1277 716 desiderari
1314 676 1492 719 videtur.

345 769 599 824 Progredior
634 770 684 809 ad
722 769 856 823 ipsum
893 771 1024 810 cranii
1061 771 1361 826 catagraphum
1415 775 1529 815 cuius
1579 773 1632 815 fi·

153 848 305 890 guram
339 834 448 874 Tab.
485 833 565 874 VI.
602 833 790 874 exhibet.
827 833 933 874 Eam
973 835 1000 874 si
1037 848 1134 875 cum
1173 833 1306 889 figura
1344 849 1384 875 2.
1420 837 1531 878 Tab.
1553 839 1630 879 IX.

153 899 289 941 Tom.
325 897 444 938 XIII.
481 897 700 939 Commem.
737 898 958 952 vestrorum
1005 912 1196 941 nouorum
1242 901 1434 941 conferre
1486 901 1631 943 lubue-

154 964 242 1013 rit,
278 961 425 1017 (quod
461 971 580 1002 tanto
616 963 775 1003 facilius
811 961 902 1002 fieri
937 965 1126 1017 poterit,
1180 966 1278 1018 quia
1321 964 1413 1006 casu
1450 965 1631 1007 fortuito

155 1027 334 1069 eandem
372 1025 679 1078 longitudinem
715 1036 893 1078 vti-aque
927 1027 1054 1067 habet
1090 1027 1221 1081 icon)
1272 1029 1463 1082 patebit,
1516 1030 1629 1070 orbi-

156 1102 245 1132 tam
282 1091 323 1130 in
362 1091 496 1129 nostra
532 1088 664 1142 figura
700 1089 887 1129 medium
923 1102 1153 1142 occupare,
1209 1102 1334 1144 atque
1368 1094 1631 1146 peramplam

155 1156 264 1206 αἴθ’,
300 1153 563 1194 altitudinem
601 1154 744 1201 totius,
780 1151 991 1205 roburque
1027 1154 1212 1206 maiora3
1247 1155 1451 1206 condylos
1473 1157 1633 1210 occipi-

155 1221 210 1260 τίς,
248 1218 378 1270 magis
416 1215 645 1257 retrorsum
681 1216 811 1262 sitm,
864 1217 1030 1257 narium
1081 1229 1188 1258 vero
1239 1218 1405 1261 hiatum
1456 1220 1631 1274 quidem

157 1285 384 1332 minorem,
421 1281 487 1322 sed
523 1279 716 1320 altiorem
755 1281 846 1319 esse.

347 1378 544 1420 Maxima
579 1388 720 1418 autem
744 1405 755 1425 ‚
792 1375 898 1418 mihi
933 1375 1130 1427 videtur,
1167 1376 1403 1422 differentia
1437 1382 1479 1421 in
1515 1383 1632 1436 septo

158 1443 325 1484 narium
362 1443 435 1484 fita
471 1443 550 1492 est,
587 1442 699 1495 quod
739 1450 879 1482 totum
916 1441 966 1481 ad
1002 1444 1321 1484 extremitatem
1358 1446 1479 1486 rostri
1499 1458 1632 1499 vsque

160 1508 318 1548 ofl'eum
371 1508 427 1548 cst
471 1508 513 1546 in
568 1505 731 1546 fibirico
783 1506 929 1547 cranio
964 1503 1072 1562 (d),
1126 1520 1257 1561 quum
1309 1509 1632 1563 cartilagineum

159 1570 286 1612 fuerit
322 1572 364 1610 in
400 1570 576 1624 capenfi.

350 1632 477 1674 Sedes
513 1646 720 1676 cornuum
756 1635 798 1675 in
833 1633 985 1685 fossili,
1038 1634 1130 1676 satis
1165 1634 1271 1679 bene
1306 1650 1404 1681 cum
1440 1639 1520 1681 illis
1558 1653 1635 1682 no-

159 1698 231 1740 stri
265 1694 358 1738 BC
394 1695 462 1751 fig.
507 1711 546 1738 2.
598 1711 847 1753 congruunt.
883 1721 886 1726 ·
934 1698 979 1741 Si
1025 1698 1190 1740 summa
1236 1701 1475 1757 superficies
1513 1707 1634 1747 rostri

160 1762 295 1816 magis
330 1760 492 1815 hispida
527 1763 597 1813 est,
636 1774 677 1804 et
711 1766 875 1805 suturae
910 1764 1159 1804 obliteratae
1194 1765 1237 1805 in
1273 1768 1438 1809 fibirico
1474 1771 1632 1821 etauio,

160 1827 203 1868 id
256 1825 379 1867 aetati
432 1825 570 1880 potius
625 1841 750 1882 quam
803 1826 1018 1883 specificae
1068 1829 1260 1870 varietati
1314 1827 1657 1875 adscribendum

158 1890 236 1931 effe
272 1903 382 1931 reor.

354 1953 402 1993 In
442 1953 581 1994 nostro
617 1967 663 1996 os
700 1956 922 1998 maxillare
959 1955 1145 2010 superius
1181 1954 1271 2011 Fig.
1313 1971 1355 2001 2.
1390 1956 1498 2001 Tab.
1550 1958 1632 2004 VI.

166 2018 440 2071 appendicem
476 2017 599 2059 habet
636 2018 752 2062 0.P.
790 2020 923 2074 qualis
961 2022 1001 2061 in
1039 2021 1235 2062 omnibus
1270 2021 1356 2064 fere
1395 2025 1634 2081 quadrupe—

161 2082 281 2123 dibus
316 2083 540 2136 reperitur,
574 2093 621 2124 vt
641 2095 682 2126 et
703 2087 746 2126 in
766 2085 941 2126 homine
963 2085 1148 2137 syluestri
1168 2087 1235 2127 seu
1254 2087 1605 2146 Orang-Outang
1624 2122 1633 2141 ,

805 2148 884 2190 Bb
923 2159 946 2198 3
1592 2156 1637 2196 in

165 2248 472 2258 ——-——-—-
967 2254 1298 2266 ——-.-—==-.--.
1304 2256 1467 2267 ——n--m—

314 2302 398 2352 (ιί)
448 2303 543 2340 Nou.
573 2303 700 2342 Comm.
730 2303 752 2340 l.
781 2319 803 2343 c.
831 2319 903 2356 pag.
935 2310 1019 2351 448-
