1992 2756
770 158 887 208 mgojg
954 149 1148 211 )2x6(
1214 150 1331 203 &03⁴0-

315 275 368 317 de
404 272 551 329 quibus
588 268 694 311 mihi
729 266 866 307 sermo
901 266 971 316 est,
1006 265 1163 320 reperti
1200 264 1314 308 fuere
1350 263 1393 304 in
1428 264 1552 307 strato
1580 264 1782 308 horizon·

316 339 390 384 tali
427 339 610 377 minerae
646 334 806 373 ferreae
844 329 1290 370 arenoso-ochraceae
1326 328 1553 376 induratae,
1589 342 1695 383 quae
1731 329 1781 372 ad

312 404 452 444 riuum
488 396 719 450 Schebysy,
756 396 797 436 in
834 393 1081 435 inferiorem
1118 394 1296 436 trastum
1314 391 1416 434 Albi
1437 392 1553 433 fluuii
1574 390 1781 447 (BJ‘elaja),

311 465 383 504 vbi
431 464 463 503 is
498 463 582 504 iam
619 463 660 502 in
699 460 1021 501 clementiorem
1058 459 1278 512 regionem
1314 457 1455 498 versus
1492 457 1674 498 Kamam
1708 457 1778 497 de-

310 528 484 576 scendit,
521 527 570 567 ab
606 525 856 567 occidentali
894 534 1010 577 parte
1046 523 1292 563 influentem
1324 520 1506 562 foditur:
1543 521 1586 560 in
1613 520 1781 573 regione

309 587 515 645 occupata
550 590 726 635 collibus
763 587 1026 636 stratificatis,
1063 587 1505 640 argilloso-cotaceis,
1543 584 1684 638 quales
1721 583 1784 624 se-

311 657 498 698 cundum
535 654 840 699 occidentalem
878 651 1164 700 decliuitatcm
1202 652 1330 691 totius
1351 648 1560 691 Uralensis
1597 649 1683 702 iugi
1703 646 1784 691 lata

308 720 433 762 fascia
468 720 700 765 ,calcaream
739 718 945 758 marinam
978 714 1208 755 colluviem
1243 714 1397 768 vbique
1420 723 1671 767 contegunt,
1692 711 1785 752 offi-

310 785 387 827 bus
433 785 577 842 paslim
626 781 874 825 animalium
907 779 1176 821 exoticorum
1212 779 1347 818 vastae
1385 778 1539 827 molis,
1592 776 1784 819 maxime

314 860 420 895 vero
472 849 596 901 lignis
633 857 758 901 atque
803 846 962 886 truncis
999 843 1198 883 arborum
1234 840 1489 894 petrefaetis,
1525 841 1784 880 diluvianam

310 913 524 966 originem
561 911 732 951 indubie
769 910 1009 964 prodentes.
1095 906 1242 946 Ambo
1278 906 1320 945 in
1356 905 1433 944 isto
1470 905 1594 945 strato
1630 902 1782 953 fimul,

308 976 543 1025 simillimi,
595 987 717 1028 atque
754 974 863 1017 haud
898 972 1023 1015 dubie
1059 982 1114 1012 ex
1151 969 1302 1009 eodem
1340 967 1511 1007 animali
1547 979 1783 1020 compares,

306 1041 430 1086 simul
481 1041 596 1080 varia
649 1037 880 1078 admodum
932 1043 1136 1085 corrupta
1181 1031 1330 1072 ossium
1375 1031 1583 1085 fragmina
1618 1039 1785 1082 reperta

307 1104 432 1152 sunt,
477 1116 499 1143 e
536 1101 685 1156 quibus
723 1109 885 1143 ,tantum
922 1097 1096 1139 Vnicum
1134 1103 1350 1136 arcuatum
1372 1124 1383 1144 ,
1437 1091 1785 1148 sesquipollicaris

307 1166 393 1208 fere
428 1167 646 1217 diametri,
699 1162 937 1217 zygomatis
974 1160 1039 1201 vel
1076 1160 1211 1199 costae
1246 1157 1398 1198 stadiae
1436 1157 1591 1206 simile,
1628 1156 1678 1196 ad
1714 1168 1784 1198 me

307 1231 490 1273 relatum
527 1230 617 1271 fuit.
685 1228 984 1269 Eburneorum
1020 1223 1210 1263 dentium
1247 1236 1299 1265 ,an
1336 1222 1420 1265 vlla
1456 1223 1609 1265 indicia
1627 1221 1784 1263 ibidem

308 1296 596 1351 apparuerint,
633 1306 708 1345 per
744 1290 952 1331 inscitiam
989 1286 1283 1339 operariorum
1322 1295 1362 1325 ct
1399 1286 1537 1343 ipsius,
1573 1286 1624 1327 ad
1656 1296 1784 1338 quem

306 1359 451 1400 fodina
485 1359 681 1413 pertinet,
717 1352 966 1397 mercatoris
1001 1350 1168 1403 exquiri
1205 1348 1312 1389 haud
1335 1351 1486 1405 potuit,
1555 1350 1646 1406 Ipse
1666 1349 1781 1388 enim

309 1423 491 1464 molares
543 1434 628 1461 non
675 1420 716 1459 in
762 1418 857 1458 loco
894 1415 1051 1462 natali,
1103 1414 1167 1456 scd
1204 1413 1287 1455 iam
1325 1413 1373 1455 ab
1409 1413 1550 1468 aliquo
1586 1423 1780 1467 tempore

310 1485 474 1527 effoffos
510 1500 533 1525 a
568 1483 789 1539 possessore
825 1480 993 1521 fodinae
1030 1491 1103 1533 per
1149 1478 1402 1519 emissarium
1438 1478 1592 1532 accepi.
1676 1475 1779 1517 Non

311 1561 451 1591 autem
490 1548 684 1590 calcinati
720 1546 841 1594 sunt,
877 1544 946 1585 sed
983 1543 1157 1582 adinstar
1192 1541 1338 1582 ossium
1360 1572 1371 1591 ‚
1424 1554 1529 1594 quae
1567 1542 1608 1581 in
1647 1538 1783 1581 Gallia

313 1615 583 1655 meridionali
634 1621 678 1652 et
729 1611 901 1662 Europa
955 1607 1096 1662 paslim
1149 1607 1306 1659 reliqua
1358 1604 1702 1660 profundioribus
1737 1604 1782 1644 in

311 1679 443 1719 stratis
478 1679 757 1732 reperiuntur,
793 1674 932 1728 potius
970 1671 1150 1712 indurati
1186 1681 1308 1723 atque
1344 1668 1641 1719 mineralisati,
1688 1667 1780 1708 sub-

312 1742 458 1783 stantia
509 1742 600 1783 satis
654 1741 755 1781 dura
781 1769 791 1788 ‚
828 1738 964 1778 vitreo
1000 1736 1155 1776 cortice
1191 1734 1421 1785 durisiimo,
1456 1732 1622 1788 fragiles
1658 1742 1781 1773 extus

314 1806 511 1862 (praeter
558 1805 763 1847 corticem
799 1802 966 1843 sordido
1013 1800 1152 1840 albore
1188 1810 1227 1839 et
1262 1800 1443 1853 politura
1488 1797 1781 1852 persediisiima

314 1872 587 1925 conspicuum
614 1901 624 1919 ,
677 1882 752 1909 nec
789 1866 1014 1921 quidquam
1051 1865 1216 1917 linguae
1253 1860 1585 1915 adhaerentem)
1637 1861 1781 1902 fusco-

313 1936 544 1977 subcoeruli
571 1966 581 1984 ‚
616 1934 791 1974 interius
827 1931 958 1984 magis
994 1929 1147 1977 albidi,
1183 1929 1303 1969 fuscis
1339 1929 1504 1969 lineolis
1542 1925 1743 1979 variegati
1766 1953 1776 1973 ,

313 2013 399 2054 quo
434 2001 475 2043 in
511 2000 609 2040 loco
644 1999 808 2051 linguae
844 1995 1074 2036 tenaciores
1112 1994 1212 2034 sunt.
1283 1990 1511 2034 Caeterum
1547 1992 1677 2031 odore
1703 2001 1777 2042 pe-

313 2064 458 2105 culiari
495 2065 641 2105 ossium
680 2060 1055 2103 mineralisatorum
1088 2058 1275 2106 solemni,
1300 2069 1562 2111 peramoeno
1582 2054 1775 2106 fragrant,

315 2140 449 2180 neque
497 2129 669 2169 dubium
715 2125 802 2167 fere
855 2125 910 2165 est
946 2132 1063 2163 certo
1100 2123 1191 2175 igne
1228 2122 1416 2163 adhibito
1451 2122 1494 2161 in
1529 2117 1777 2159 Turchesias

311 2194 544 2245 permutari
578 2194 705 2248 posse,
742 2202 842 2247 quas
877 2187 1055 2229 omnino
1091 2188 1234 2229 crudas
1255 2188 1303 2228 ad
1323 2185 1513 2228 amuffim
1531 2183 1731 2226 referunt.

1697 2306 1778 2348 Po·
