1992 2756
821 182 933 231 »ἕεε
998 175 1191 233 >1215(
1257 166 1379 229 ἕὲψεω

372 287 641 351 suspensionis
677 290 881 345 punctum
916 291 965 332 fit
998 289 1330 339 mobilissimum,
1365 289 1451 330 lens
1471 294 1731 349 ponderosa,
1766 299 1831 342 su-

372 357 595 414 spenfionis
632 355 783 396 modus
820 365 1018 397 caueatur
1056 369 1107 397 ne
1142 353 1230 395 vllo
1265 354 1396 395 modo
1430 356 1578 398 variari
1612 363 1733 415 poffit
1750 374 1831 407 etc,

366 422 460 464 Nec
495 420 805 463 confundantur
839 419 918 462 hae
959 418 1287 461 variatiunculae
1325 430 1658 465 'momentaneae
1708 437 1833 482 atque

363 484 565 528 fortuitae
598 484 814 543 cumillis
865 498 972 539 quae
1026 484 1180 526 diutius
1233 483 1494 537 perdurant,
1546 486 1690 540 quales
1740 491 1833 534 sunt

364 561 473 603 quae
508 564 532 592 a
572 549 808 593 variatione
847 549 998 592 caloris
1035 558 1077 592 et
1110 548 1292 603 frigoris,
1329 561 1374 588 ac
1395 550 1692 602 magnitudinis
1713 553 1834 597 oscil-

362 612 573 659 lationurn
609 625 694 666 etc,
731 614 955 665 oriuntur,
993 627 1094 667 quas
1134 613 1203 655 vel
1238 612 1400 655 calculo
1444 613 1611 656 seorsim
1656 616 1834 662 definire

361 677 496 727 licet,
547 679 579 720 fi
613 681 746 721 modo
781 679 905 719 status
951 677 1249 719 thermometri
1302 678 1557 733 pendulique
1608 671 1832 724 oscillatio-

361 736 763 796 num'frequentius
796 742 1096 798 inspiciantur:
1132 742 1329 795 ingenere
1382 754 1513 797 opera
1561 743 1696 786 danda
1748 747 1833 797 est,

361 813 411 847 vt
445 816 593 848 omnes
629 815 671 847 et
705 806 885 860 singulae
920 817 1062 862 partes
1097 806 1247 859 quouis
1282 815 1506 847 momento
1559 809 1834 860 aequabiliter

362 868 434 911 sua
467 868 684 913 functione
730 870 898 927 defungi
950 881 1185 926 cogantur-3
1228 870 1386 910 etenim
1438 881 1686 924 quacunque
1739 871 1832 924 lege

361 933 596 989 pendulum
631 933 934 976 oscillationem
969 934 1164 988 quamuis
1197 932 1411 1003 perficiat,
1447 932 1474 972 fi
1511 934 1640 973 modo
1659 936 1830 976 eaedem

359 1008 586 1041 recurrant
623 998 905 1040 oscillationes
930 1029 940 1048 ,
977 999 1133 1039 necess‘e
1168 997 1225 1037 est
1258 988 1403 1048 vtiqiie
1438 1004 1487 1035 vt
1524 996 1603 1036 sint
1641 997 1829 1040 isochro-

357 1072 450 1103 nae.
519 1060 591 1103 Sic
626 1063 912 1114 ingeminatur
946 1059 1244 1100 isochronismi
1287 1058 1560 1112 principium.

510 1125 545 1175 (5.
585 1135 656 1165 20.
724 1123 773 1165 In
809 1123 1042 1176 horologiis
1079 1121 1298 1163 vilioribus
1336 1122 1515 1162 maiores
1552 1131 1676 1163 erunt
1717 1123 1833 1166 aber-

360 1186 624 1230 ratiunculae
660 1188 822 1229 mediae
858 1187 1130 1238 elementares
1164 1185 1227 1237 04¹¹,
1265 1195 1306 1225 at
1341 1197 1445 1226 vero
1478 1185 1547 1226 lex
1586 1188 1829 1241 compensa·

355 1252 485 1293 tionis
538 1252 686 1292 eadem
736 1252 852 1303 erit3
886 1252 930 1291 in
965 1248 1066 1292 statu
1107 1251 1179 1290 suo
1215 1249 1357 1289 medio
1394 1249 1599 1291 aberratio
1627 1252 1740 1292 intra
1773 1265 1833 1304 24

356 1313 486 1359 horas
522 1314 761 1357 adhucdum
797 1315 957 1371 poterit
1008 1312 1162 1354 censeri
1212 1325 1267 1350 Ξ
1291 1324 1377 1350 200
1403 1310 1482 1364 cest,
1534 1315 1584 1354 ad
1636 1328 1831 1357 normam

357 1382 393 1430 ξ.
435 1382 539 1429 16.‚
574 1388 620 1418 at
654 1390 761 1418 vero
804 1379 1012 1434 quantitas
1062 1375 1139 1425 0⁶¹¹,
1191 1388 1270 1428 pro
1320 1376 1647 1429 imperfectionis
1700 1381 1832 1433 gradu

353 1440 681 1498 horologiorum
712 1471 722 1490 ‚
758 1441 894 1483 multo
931 1442 1066 1481 maior
1100 1439 1175 1482 eise
1220 1440 1353 1492 p'otest
1405 1439 1571 1493 ipsaque
1623 1442 1831 1483 aberratio

354 1502 496 1549 media
529 1518 610 1561 pro
651 1517 711 1555 24
750 1506 865 1545 horis
903 1506 1048 1545 eadem
1077 1503 1357 1558 proportione
1395 1503 1621 1547 increscere
1660 1519 1735 1547 nec
1768 1516 1831 1545 ta·-

355 1567 459 1613 vmen
497 1568 570 1612 sex
607 1578 678 1610 aut
712 1567 868 1623 septem
907 1569 1068 1609 minuta
1107 1566 1282 1608 secunda
1333 1568 1549 1609 excedere.
1636 1568 1680 1608 Si
1731 1568 1831 1609 loco

356 1627 532 1691 penduli
569 1633 814 1676 adhibeatur
850 1633 1059 1675 orbiculus
1096 1631 1333 1672 libratorius
1371 1628 1618 1687 (Balancier)
1655 1633 1828 1672 maioris

356 1699 507 1754 vtique
545 1699 754 1738 momenti
790 1699 866 1740 esse
904 1707 1102 1751 poterunt
1143 1695 1499 1736 aberratiunculae
1537 1696 1701 1737 mediae
1747 1696 1832 1736 ele-

353 1771 601 1817 mentare53
636 1762 663 1802 fi
700 1774 805 1802 vero
841 1772 1006 1803 caetera
1041 1761 1183 1805 omnia
1218 1760 1379 1800 summa
1409 1773 1507 1806 cura
1544 1759 1704 1802 fuerint
1749 1760 1829 1800 ela-

353 1826 534 1891 b'orata,
570 1825 818 1868 resarcietur
853 1825 1069 1867 defectus:
1107 1837 1192 1879 quo
1237 1825 1403 1868 minora
1448 1823 1540 1864 sunt
1583 1824 1827 1882 huiusmodi

353 1899 588 1939 automata,
610 1902 662 1932 co
684 1891 812 1944 magis
829 1905 866 1931 ei
856 1901 996 1931 “xunt
996 1891 1232 1930 ibiationes
1263 1889 1365 1930 sorti
1385 1889 1624 1945 obnoxiae3
1636 1888 1827 1929 efficacia

359 1965 505 1999 autem
543 1955 899 2012 compensationis
935 1954 1128 1998 notabilis
1180 1956 1221 1994 in
1273 1952 1509 2009 horologiis
1559 1952 1826 2023 portatilibus

353 2008 606 2074 plerumque
626 2019 925 2070 obseruabitur,
946 2032 1075 2073 eaque
1096 2028 1213 2059 tanto
1233 2019 1384 2068 maior,
1403 2027 1561 2072 quanto
1593 2017 1732 2073 plures
1762 2016 1827 2056 vi-

350 2084 568 2124 brationes
590 2085 703 2127 intra
725 2098 784 2137 -4
801 2085 923 2128 horas
945 2083 1185 2143 perficiunt
1188 2097 1245 2137 ir·
1276 2083 1408 2124 solent
1436 2090 1575 2123 autem
1619 2081 1668 2121 ad
1699 2080 1826 2120 mini-

354 2158 472 2186 mum
494 2158 643 2200 quater
662 2150 825 2192 vibrare
846 2150 953 2193 intra
975 2150 1183 2189 minutum
1206 2116 1430 2193 secundum
1450 2146 1533 2186 fiue
1554 2155 1640 2195 345
1651 2148 1740 2183 600
1762 2144 1824 2183 vi-

356 2210 469 2250 cibus
488 2220 679 2266 tempore
699 2214 821 2255 vuius
842 2215 936 2264 diei,
956 2214 1121 2267 hocque
1142 2214 1323 2267 respectu
1344 2210 1587 2252 dimidiatur
1615 2209 1826 2250 aberratio

351 2274 499 2314 diurna
534 2279 708 2317 caeteris·
745 2278 944 2334 paribus3
980 2278 1076 2319 hinc
1121 2279 1252 2334 posita
1304 2273 1637 2317 aberratiuncula
1688 2273 1826 2313 media

358 2338 605 2382 elementari
642 2342 779 2383 decies
816 2345 975 2384 maiore
1012 2357 1137 2398 quam
1173 2346 1215 2385 in
1249 2341 1456 2397 pendulis,
1494 2336 1821 2393 quintuplicabi-

1757 2410 1825 2441 tur
