1992 2756
602 153 718 205 noge-{g
783 147 978 208 )225(
1043 149 1143 200 geg<-

147 271 228 312 cies
265 282 437 322 omnes;
474 269 540 311 sed
576 269 702 312 habet
737 271 777 311 in
815 271 971 311 intimo
1007 280 1106 317 ore,
1145 266 1194 307 ab
1230 266 1432 308 extremis
1469 267 1621 308 maxil-

144 335 282 377 larum
319 346 533 383 remotos,
570 335 775 385 molares,
811 335 898 376 fere
934 332 1210 386 Dasypodum
1247 324 1382 370 instar.
1453 331 1520 373 Sic
1557 333 1621 372 in-

144 409 208 441 ter
240 400 396 453 Apros,
438 399 513 440 soli
549 399 789 452 aethiopico
826 399 971 440 desunt
1006 398 1149 437 dentes
1186 397 1420 450 primores,
1455 396 1508 436 fic
1544 395 1622 436 Di-

145 464 416 518 delphidum,
453 462 832 519 Vespertilionum,
869 462 1065 503 Soricum
1100 472 1145 501 et
1180 460 1416 513 Talparum
1453 472 1623 514 genera,

145 529 401 571 naturalibus
438 528 746 569 characteribus
784 525 1147 572 coniunctissima,
1183 524 1394 574 dentibus,
1434 524 1622 579 praeser-

145 597 223 636 tim
276 594 413 648 quoad
467 606 725 641 numerum,
782 588 1154 630 inconstantiffima
1204 588 1321 639 sunt,
1388 591 1499 630 vnde
1544 589 1622 629 hos

144 659 266 710 fidos,
302 658 540 698 sine-omni
577 656 845 708 exceptione,
880 666 1084 708 generum
1122 652 1378 693 ordinumve
1411 653 1623 694 characte-

144 737 233 773 res,
271 722 414 763 saltem
451 733 633 761 numero
668 729 709 759 et
744 719 1024 773 proportione
1060 716 1258 770 praebere
1295 729 1379 756 non
1416 720 1527 771 posse
1564 717 1624 758 sa-

144 789 197 827 tis
232 787 375 838 liquet.
443 784 544 825 Non
584 785 698 824 enim
738 783 1084 824 methodicorum
1121 780 1274 821 scholis
1304 781 1343 820 se
1367 782 1622 835 adstringere

143 851 282 890 voluit
323 848 516 897 Natura,
570 849 638 889 sed
685 847 919 902 quamlibet
955 844 1130 887 Generis
1167 844 1351 885 formam
1388 845 1623 899 specificis,

143 915 263 954 vario
298 914 411 953 vitae
447 914 592 966 generi
629 912 980 960 accommodatis,
1019 910 1197 958 variare,
1235 910 1458 962 systemata
1494 909 1624 950 artifi-

146 979 264 1018 cialia
286 978 421 1016 nostra
440 977 563 1016 flocci
584 977 751 1016 faciens.
800 976 868 1017 Sic
891 975 1056 1016 Sorices
1078 984 1204 1028 atque
1223 973 1501 1028 Didelphides
1522 973 1620 1015 alias

145 1043 277 1094 magis
315 1040 473 1088 ferinis,
510 1039 604 1078 alias
641 1039 811 1091 glirium
850 1039 1022 1078 aemulis
1043 1037 1234 1077 dentibus
1256 1039 1471 1085 instruxit,
1507 1039 1622 1089 quod

144 1106 236 1144 istas
273 1104 405 1156 magis
443 1104 686 1143 carnivoras
725 1102 819 1151 effe,
855 1101 928 1141 has
953 1101 1219 1154 phytivoras‚
1257 1100 1399 1140 cibum
1429 1100 1622 1141 rodendo

145 1169 437 1208 comminuere
472 1166 762 1207 conveniebat.
833 1164 901 1205 Sic
936 1166 1091 1218 pariter
1121 1163 1488 1217 Myrmecophaga
1525 1164 1622 1204 afri-

145 1245 269 1282 cana,
306 1244 435 1285 quae,
472 1241 519 1270 vt
556 1230 619 1269 Ill.
656 1229 831 1283 Camper
867 1242 934 1268 me
970 1229 1120 1274 docet,
1158 1239 1243 1267 non
1280 1228 1390 1270 solis,
1427 1237 1473 1269 vt
1509 1242 1623 1269 ame-

146 1296 550 1344 ricanae,f‹›rmicis,
589 1294 653 1334 sed
691 1293 896 1333 radicibus
934 1302 1104 1343 quoque
1140 1302 1194 1329 ex
1231 1302 1346 1344 parte
1382 1292 1529 1330 vivere
1553 1293 1622 1333 de-

145 1361 292 1400 stinata
339 1360 447 1405 fuit,
503 1358 762 1407 molaribus,
815 1357 864 1397 ad
910 1354 1292 1397 comminuendum
1339 1354 1622 1410 vegetabilem

146 1425 330 1475 vietum,
367 1423 559 1479 indiguit.

341 1554 623 1610 Camperiaua
669 1568 791 1598 manu
828 1555 1078 1598 delineatam
1117 1556 1293 1597 naturali
1329 1552 1619 1608 magnitudine

149 1625 317 1665 iconem
354 1622 484 1662 cranii
520 1621 906 1676 Myrmecophagae
944 1621 1052 1662 afrae
1088 1620 1287 1662 Tab.1X.
1324 1619 1482 1673 figurae
1504 1621 1620 1674 prio-

150 1702 216 1730 res
254 1689 515 1740 exprimunt,
553 1699 728 1738 quarum
766 1687 1091 1727 elucidationem
1129 1685 1223 1739 ipfis
1262 1682 1351 1725 Cel.
1388 1682 1487 1725 Viri
1526 1697 1620 1726 ver-

150 1753 228 1801 bis,
262 1763 317 1791 ex
352 1751 438 1791 eius
474 1749 622 1791 litteris
657 1751 695 1791 d.
735 1764 806 1791 20.
842 1749 980 1804 April.
1033 1760 1168 1800 1777.
1222 1750 1330 1790 datis
1368 1759 1617 1803 excerptam

149 1815 378 1858 audiamus.

339 1912 517 1965 Figurae
569 1913 798 1955 naturalem
851 1912 1187 1967 magnitudinem
1242 1909 1372 1950 cranii
1426 1908 1616 1948 animalis

147 1977 453 2020 Promontorio
499 1977 630 2018 bonae
665 1979 748 2032 spei
785 1978 1003 2019 transmiffi
1049 1987 1189 2017 curate
1225 1974 1507 2014 mensuratam
1544 1985 1619 2013 ex-

150 2043 309 2084 hibent.
380 2041 518 2080 Prima
570 2043 850 2095 repraesentat
902 2043 1037 2095 ipsum
1091 2040 1280 2081 cranium
1319 2039 1557 2090 integrum,
1594 2051 1617 2078 a

149 2118 270 2162 parte
307 2107 478 2157 dextra,
506 2098 679 2155 secunda
715 2108 931 2148 maxillam
952 2105 1214 2146 inferiorem.
1282 2101 1422 2143 Tertia
1445 2102 1614 2142 dentem

150 2172 356 2212 molarem
402 2170 638 2221 sinistrum,
692 2172 837 2211 ordine
883 2171 1111 2212 secundum
1148 2183 1170 2209 e
1205 2166 1378 2214 maxilla
1417 2165 1616 2207 inferiore

148 2237 353 2290 depingit,
391 2235 562 2288 eiusque
600 2244 680 2275 tres
717 2234 852 2276 facies.

149 2332 248 2373 Ana
266 2332 392 2374 Acad.
412 2331 508 2387 Imp.
529 2333 597 2375 Sc.
617 2330 726 2373 Tom.
746 2331 776 2373 Ι.
797 2334 842 2372 Ρ.
860 2327 912 2373 ΙΙ.
1191 2328 1221 2370 F
1257 2326 1281 2369 f
1574 2326 1615 2365 In
