1992 2756
626 213 742 267 »ἃς
808 210 952 271 )113
990 205 1021 269 (’
1070 213 1189 267 ἓὶεέω

170 345 304 386 neae,
340 331 529 375 incertae
548 362 561 384 ‚
613 329 804 385 numque
839 328 920 383 legi
957 328 1194 379 admistae,
1227 323 1475 383 praesertim
1495 328 1524 371 fi
1542 341 1652 385 pon-

170 400 246 441 dus
282 398 456 455 penduli
492 398 697 451 exiguum
733 395 859 437 fuerit
894 406 1153 449 magnasque
1186 391 1342 434 efficiat
1359 393 1656 436 excurfiones:

169 477 251 506 nec
293 465 409 504 enim
445 474 590 504 motus
625 460 801 517 penduli
835 459 958 500 liberi
994 458 1120 513 plane
1157 458 1270 499 idem
1307 456 1364 498 est
1399 470 1499 499 cum
1527 469 1658 500 motu

172 530 364 570 eiusdem
400 528 576 584 penduli
610 527 660 568 ad
695 524 971 577 horologium
1007 522 1234 577 applicati:
1290 523 1488 576 pondus,
1539 522 1661 578 quod

171 603 342 634 motum
376 593 552 648 penduli
588 593 631 632 in
666 588 897 642 horologio
929 587 1184 637 conseruat,
1231 589 1316 640 agi-t
1366 587 1411 627 in
1462 587 1660 642 pinnulas

172 658 243 699 axi
278 658 452 712 penduli
472 656 696 711 appositas,
733 652 933 706 nullaque
970 650 1156 692 adhibita
1190 650 1392 692 industria
1434 652 1659 707 impetrari

171 723 346 778 poterit,
382 732 431 762 vt
466 719 636 760 minimi
671 716 873 771 impulsus
908 714 1011 757 fiant
1044 714 1233 770 perfecte
1269 716 1380 757 inter
1423 716 1465 757 se
1500 730 1658 772 aequa-

171 787 252 828 les:
287 786 400 827 inter
437 789 593 835 86400
631 782 918 823 oscillationes
952 781 1202 822 minutarias
1238 780 1407 821 secund.
1446 782 1660 834 quotidia-

173 863 260 900 nas,
288 849 523 903 nequidem
559 849 666 889 duae
701 848 785 888 ess'e
817 846 989 901 possunt
1021 845 1211 900 perfecte
1247 845 1529 886 isochronae:
1564 847 1660 899 quis

172 926 324 956 omnes
361 923 587 956 enumeret
622 911 914 954 diuesfitatum
950 908 1140 952 modos?
1176 909 1370 952 Vnicum
1406 921 1625 964 exponam
1651 940 1665 962 ,

170 980 290 1021 cuius
325 977 558 1020 efficaciam
596 990 697 1031 prae
732 977 908 1018 caeteris
944 976 1126 1018 maximi
1161 974 1377 1018 momenti
1422 975 1653 1028 existimo,

173 1044 219 1084 ni
254 1041 432 1084 sollicite
465 1051 786 1095 praecaueatur.

326 1141 361 1189 ξ,
399 1141 439 1177 6.
508 1136 678 1177 Notum
714 1136 774 1176 est
809 1148 935 1189 quam
970 1134 1151 1176 mirifice
1199 1147 1352 1177 omnes
1399 1146 1540 1178 motus
1576 1137 1660 1177 iso-

169 1202 325 1245 chr-oni
362 1203 735 1243 communicentur
770 1213 869 1241 cum
905 1200 1080 1242 obiec'tis
1117 1199 1426 1254 circumpositis
1449 1232 1460 1250 ‚
1505 1200 1537 1241 fi
1570 1199 1661 1241 vllo

173 1268 307 1309 modo
343 1266 668 1316 synchronismo
703 1264 820 1304 locus
853 1264 992 1304 detur.
1058 1262 1301 1316 singularia
1345 1266 1515 1319 penitus
1552 1264 1661 1316 sunt,

176 1346 287 1385 quae
325 1331 402 1372 hac
451 1332 501 1370 de
538 1343 584 1371 re
620 1329 902 1368 innotuerunt
937 1328 980 1368 in
1014 1327 1186 1368 musica.
1254 1328 1376 1368 Idem
1411 1342 1517 1369 vero
1550 1330 1665 1383 pari-

172 1406 242 1437 ter
279 1398 487 1449 contingit
522 1396 565 1435 in
601 1391 911 1434 vibrationibus
947 1391 1033 1434 siue
1069 1390 1256 1434 motibus
1291 1392 1523 1447 reciprocis
1566 1393 1663 1435 len-

168 1461 367 1502 fioribusu

327 1557 512 1611 Magnus
549 1565 866 1598 commemorat
893 1554 1103 1608 Hagenius
1132 1555 1176 1595 in
1200 1554 1274 1597 suo
1291 1554 1524 1610 horologio
1541 1555 1663 1597 oscil-

175 1621 331 1661 latorio
355 1652 366 1671 ‚
404 1622 518 1674 quod
552 1634 652 1661 cum
689 1621 774 1662 dno
808 1633 868 1662 ex
900 1621 1057 1662 eodem
1095 1620 1231 1674 tigillo
1267 1620 1539 1675 suspendisset
1584 1619 1663 1661 ho-

176 1684 342 1738 rologia
378 1685 602 1726 minutaria
634 1685 843 1736 secunda,
887 1699 1042 1740 magna
1075 1699 1177 1726 cum
1210 1685 1497 1726 admiratione
1544 1685 1664 1726 vide-

178 1750 235 1791 rit
269 1758 451 1802 Vtraque
486 1749 669 1803 pendula
703 1749 1002 1804 perfectissime
1022 1751 1135 1791 inter
1153 1749 1193 1791 se
1212 1750 1517 1805 conspirantia:
1537 1749 1664 1791 ambo

176 1813 440 1854 vibrationes
477 1811 566 1854 suas
602 1827 688 1856 vnu
725 1816 967 1869 eodemque
1015 1816 1223 1869 temporis
1275 1816 1434 1869 puncto
1486 1815 1665 1866 incipie-

177 1878 279 1918 bant
315 1877 702 1933 terminaban-tque.
772 1879 1054 1922 vibrationes
1091 1889 1235 1920 autem
1271 1880 1511 1920 constanter
1543 1886 1665 1918 eraut

180 1941 398 1991 aduersae,
433 1942 619 1996 pendula
650 1944 827 1986 alternis
864 1944 1029 1985 vicibus
1064 1944 1137 1985 fibi
1174 1944 1345 1985 obuiam
1382 1943 1500 1983 ibant
1536 1951 1663 1995 atque

179 2007 231 2048 ab
268 2007 454 2047 inuicem
493 2007 783 2050 recedebant:
819 2011 910 2050 i-mo
956 2009 984 2049 fi
1036 2010 1130 2049 data
1181 2021 1313 2062 opera
1363 2007 1412 2047 ad
1465 2018 1664 2047 momen-

179 2081 273 2112 tum
307 2071 553 2112 turbabatur
589 2071 828 2123 harmonia,
865 2075 922 2114 ita
956 2083 1005 2114 vt
1039 2073 1172 2113 veluti
1208 2072 1247 2113 se
1279 2071 1540 2112 decussarent
1559 2083 1665 2125 pen-

181 2135 294 2186 dula,
331 2148 436 2176 mox
474 2136 524 2176 ad
559 2135 675 2177 illam
711 2138 925 2190 redibant3
960 2138 1075 2191 quod
1110 2137 1268 2177 indicat
1304 2134 1535 2177 efficaciam
1554 2148 1664 2190 pen-

177 2199 380 2240 dulos-um
418 2210 613 2241 mutuam
649 2200 784 2255 aeque
819 2216 867 2243 ac
903 2201 1154 2243 fibrillarum
1190 2201 1428 2255 signent-um
1473 2201 1524 2241 ad
1569 2212 1664 2241 mo-

178 2274 269 2305 tum
307 2264 608 2305 harmonicum
645 2266 989 2320 propensionem.
1057 2266 1154 2307 Imo
1188 2266 1329 2320 legere
1365 2279 1436 2306 me
1482 2266 1663 2306 memini

177 2328 221 2368 in
258 2328 339 2369 alia
373 2329 663 2370 differtatione
700 2331 995 2386 manuscripta,
1031 2332 1146 2372 idem
1181 2323 1419 2372 etiamnum
1447 2328 1662 2382 contigisse

179 2393 221 2430 in
257 2393 494 2447 horologiis
530 2394 642 2435 haud
678 2395 917 2449 parumrab
953 2397 1138 2438 inuicem
1175 2395 1274 2437 alias
1316 2392 1660 2436 discordantibus.

180 2454 283 2496 Acta
301 2456 427 2499 Acad.
447 2458 546 2513 zmp.
565 2457 633 2501 sc.
654 2458 763 2502 Tem.
784 2459 814 2502 1.
835 2462 880 2502 P.
900 2459 962 2502 11.
1275 2457 1307 2499 Ρ
1562 2452 1662 2495 Huc
