<?xml version="1.0" encoding="UTF-8"?>
<!DOCTYPE html PUBLIC "-//W3C//DTD XHTML 1.0 Transitional//EN"
    "http://www.w3.org/TR/xhtml1/DTD/xhtml1-transitional.dtd">
<html xmlns="http://www.w3.org/1999/xhtml" xml:lang="en" lang="en">
 <head>
  <title>
</title>
<meta http-equiv="Content-Type" content="text/html;charset=utf-8" />
  <meta name='ocr-system' content='tesseract 3.04.00' />
  <meta name='ocr-capabilities' content='ocr_page ocr_carea ocr_par ocr_line ocrx_word'/>
</head>
<body>
  <div class='ocr_page' id='page_1' title='image "./actaacademiaesci02impe_0445.png"; bbox 0 0 1992 2756; ppageno 0'>
   <div class='ocr_carea' id='block_1_1' title="bbox 625 153 1179 214">
    <p class='ocr_par' dir='ltr' id='par_1_1' title="bbox 625 153 1179 214">
     <span class='ocr_line' id='line_1_1' title="bbox 625 153 1179 214; baseline 0 -6"><span class='ocrx_word' id='word_1_1' title='bbox 625 159 739 210; x_wconf 56' lang='lat' dir='ltr'>»22³1ss</span> <span class='ocrx_word' id='word_1_2' title='bbox 781 153 818 212; x_wconf 63' lang='lat'>‘)</span> <span class='ocrx_word' id='word_1_3' title='bbox 857 169 943 208; x_wconf 77' lang='lat'>341</span> <span class='ocrx_word' id='word_1_4' title='bbox 985 158 998 214; x_wconf 97' lang='lat'><strong>(</strong></span> <span class='ocrx_word' id='word_1_5' title='bbox 1065 159 1179 208; x_wconf 58' lang='lat'>&amp;1030-</span> 
     </span>
    </p>
   </div>
   <div class='ocr_carea' id='block_1_2' title="bbox 163 268 1640 1485">
    <p class='ocr_par' dir='ltr' id='par_1_2' title="bbox 163 268 1640 1278">
     <span class='ocr_line' id='line_1_2' title="bbox 172 268 1639 326; baseline 0.001 -11"><span class='ocrx_word' id='word_1_6' title='bbox 172 275 231 315; x_wconf 83' lang='lat' dir='ltr'>ius</span> <span class='ocrx_word' id='word_1_7' title='bbox 267 271 461 312; x_wconf 83' lang='lat' dir='ltr'>Pianetae</span> <span class='ocrx_word' id='word_1_8' title='bbox 498 268 738 310; x_wconf 82' lang='lat' dir='ltr'>aestimetur</span> <span class='ocrx_word' id='word_1_9' title='bbox 774 271 852 311; x_wconf 84' lang='lat' dir='ltr'>effe</span> <span class='ocrx_word' id='word_1_10' title='bbox 891 271 982 311; x_wconf 81' lang='lat' dir='ltr'>satis</span> <span class='ocrx_word' id='word_1_11' title='bbox 1003 284 1157 325; x_wconf 55' lang='lat' dir='ltr'>parua.</span> <span class='ocrx_word' id='word_1_12' title='bbox 1227 269 1346 326; x_wconf 85' lang='lat' dir='ltr'>Quin</span> <span class='ocrx_word' id='word_1_13' title='bbox 1380 282 1524 316; x_wconf 81' lang='lat' dir='ltr'>autem</span> <span class='ocrx_word' id='word_1_14' title='bbox 1558 275 1639 316; x_wconf 79' lang='lat' dir='ltr'>tel-</span> 
     </span>
     <span class='ocr_line' id='line_1_3' title="bbox 167 330 1637 393; baseline 0.001 -14"><span class='ocrx_word' id='word_1_15' title='bbox 167 338 230 380; x_wconf 90' lang='lat' dir='ltr'>lus</span> <span class='ocrx_word' id='word_1_16' title='bbox 267 346 309 378; x_wconf 90' lang='lat' dir='ltr'>et</span> <span class='ocrx_word' id='word_1_17' title='bbox 347 334 493 376; x_wconf 86' lang='lat' dir='ltr'>Venus</span> <span class='ocrx_word' id='word_1_18' title='bbox 529 335 573 375; x_wconf 83' lang='lat' dir='ltr'>in</span> <span class='ocrx_word' id='word_1_19' title='bbox 611 330 841 376; x_wconf 86' lang='lat' dir='ltr'>Cometam</span> <span class='ocrx_word' id='word_1_20' title='bbox 878 333 1049 376; x_wconf 64' lang='lat' dir='ltr'>effeetus</span> <span class='ocrx_word' id='word_1_21' title='bbox 1086 335 1196 376; x_wconf 83' lang='lat' dir='ltr'>haud</span> <span class='ocrx_word' id='word_1_22' title='bbox 1233 335 1504 391; x_wconf 85' lang='lat' dir='ltr'>negligendos</span> <span class='ocrx_word' id='word_1_23' title='bbox 1535 354 1637 393; x_wconf 89' lang='lat' dir='ltr'>pro-</span> 
     </span>
     <span class='ocr_line' id='line_1_4' title="bbox 170 398 1639 456; baseline 0.001 -12"><span class='ocrx_word' id='word_1_24' title='bbox 170 404 324 443; x_wconf 87' lang='lat' dir='ltr'>ducere</span> <span class='ocrx_word' id='word_1_25' title='bbox 361 399 546 448; x_wconf 78' lang='lat' dir='ltr'>valeant,</span> <span class='ocrx_word' id='word_1_26' title='bbox 584 399 660 439; x_wconf 86' lang='lat' dir='ltr'>vix</span> <span class='ocrx_word' id='word_1_27' title='bbox 695 398 885 440; x_wconf 82' lang='lat' dir='ltr'>dubitare</span> <span class='ocrx_word' id='word_1_28' title='bbox 922 399 1031 450; x_wconf 86' lang='lat' dir='ltr'>licet,</span> <span class='ocrx_word' id='word_1_29' title='bbox 1069 401 1318 454; x_wconf 77' lang='lat' dir='ltr'>praeprimis</span> <span class='ocrx_word' id='word_1_30' title='bbox 1354 402 1396 441; x_wconf 90' lang='lat' dir='ltr'>in</span> <span class='ocrx_word' id='word_1_31' title='bbox 1439 405 1639 456; x_wconf 85' lang='lat' dir='ltr'>propiore</span> 
     </span>
     <span class='ocr_line' id='line_1_5' title="bbox 172 463 1640 518; baseline 0.001 -12"><span class='ocrx_word' id='word_1_32' title='bbox 172 467 219 506; x_wconf 81' lang='lat' dir='ltr'>ab</span> <span class='ocrx_word' id='word_1_33' title='bbox 255 465 319 505; x_wconf 77' lang='lat' dir='ltr'>his</span> <span class='ocrx_word' id='word_1_34' title='bbox 356 463 535 505; x_wconf 78' lang='lat' dir='ltr'>Planetis</span> <span class='ocrx_word' id='word_1_35' title='bbox 572 463 761 504; x_wconf 86' lang='lat' dir='ltr'>distantia</span> <span class='ocrx_word' id='word_1_36' title='bbox 787 494 798 514; x_wconf 92' lang='lat'>‚</span> <span class='ocrx_word' id='word_1_37' title='bbox 851 477 959 517; x_wconf 89' lang='lat' dir='ltr'>quae</span> <span class='ocrx_word' id='word_1_38' title='bbox 996 477 1075 518; x_wconf 85' lang='lat' dir='ltr'>pro</span> <span class='ocrx_word' id='word_1_39' title='bbox 1111 464 1257 506; x_wconf 82' lang='lat' dir='ltr'>tellure</span> <span class='ocrx_word' id='word_1_40' title='bbox 1308 466 1364 507; x_wconf 87' lang='lat' dir='ltr'>est</span> <span class='ocrx_word' id='word_1_41' title='bbox 1417 472 1640 518; x_wconf 83' lang='lat'><em>0‚01496</em></span> 
     </span>
     <span class='ocr_line' id='line_1_6' title="bbox 167 526 1638 584; baseline 0.001 -12"><span class='ocrx_word' id='word_1_42' title='bbox 167 542 210 572; x_wconf 89' lang='lat' dir='ltr'>et</span> <span class='ocrx_word' id='word_1_43' title='bbox 246 543 323 584; x_wconf 86' lang='lat' dir='ltr'>pro</span> <span class='ocrx_word' id='word_1_44' title='bbox 360 528 531 570; x_wconf 84' lang='lat' dir='ltr'>Venere</span> <span class='ocrx_word' id='word_1_45' title='bbox 569 539 771 577; x_wconf 82' lang='lat'>0,0115.</span> <span class='ocrx_word' id='word_1_46' title='bbox 851 526 993 569; x_wconf 86' lang='lat' dir='ltr'>Immo</span> <span class='ocrx_word' id='word_1_47' title='bbox 1029 542 1084 569; x_wconf 88' lang='lat' dir='ltr'>ex</span> <span class='ocrx_word' id='word_1_48' title='bbox 1119 529 1478 572; x_wconf 87' lang='lat' dir='ltr'>obseruationibus</span> <span class='ocrx_word' id='word_1_49' title='bbox 1514 532 1638 574; x_wconf 87' lang='lat' dir='ltr'>huius</span> 
     </span>
     <span class='ocr_line' id='line_1_7' title="bbox 169 592 1640 650; baseline 0.003 -15"><span class='ocrx_word' id='word_1_50' title='bbox 169 592 378 636; x_wconf 87' lang='lat' dir='ltr'>Cometae</span> <span class='ocrx_word' id='word_1_51' title='bbox 413 593 467 634; x_wconf 79' lang='lat' dir='ltr'>A.</span> <span class='ocrx_word' id='word_1_52' title='bbox 509 602 629 642; x_wconf 91' lang='lat'><em>1770</em></span> <span class='ocrx_word' id='word_1_53' title='bbox 664 592 876 641; x_wconf 88' lang='lat' dir='ltr'>institutis,</span> <span class='ocrx_word' id='word_1_54' title='bbox 924 593 1016 632; x_wconf 86' lang='lat' dir='ltr'>satis</span> <span class='ocrx_word' id='word_1_55' title='bbox 1053 593 1215 646; x_wconf 85' lang='lat' dir='ltr'>liquido</span> <span class='ocrx_word' id='word_1_56' title='bbox 1252 594 1357 635; x_wconf 87' lang='lat' dir='ltr'>mihi</span> <span class='ocrx_word' id='word_1_57' title='bbox 1394 605 1540 650; x_wconf 87' lang='lat' dir='ltr'>patere</span> <span class='ocrx_word' id='word_1_58' title='bbox 1575 597 1640 639; x_wconf 82' lang='lat' dir='ltr'>vi·</span> 
     </span>
     <span class='ocr_line' id='line_1_8' title="bbox 167 655 1631 710; baseline 0.003 -10"><span class='ocrx_word' id='word_1_59' title='bbox 167 660 316 708; x_wconf 86' lang='lat' dir='ltr'>detur,</span> <span class='ocrx_word' id='word_1_60' title='bbox 371 655 583 698; x_wconf 86' lang='lat' dir='ltr'>Cometae</span> <span class='ocrx_word' id='word_1_61' title='bbox 629 666 797 696; x_wconf 90' lang='lat' dir='ltr'>motum</span> <span class='ocrx_word' id='word_1_62' title='bbox 845 670 866 696; x_wconf 88' lang='lat' dir='ltr'>a</span> <span class='ocrx_word' id='word_1_63' title='bbox 901 656 968 698; x_wconf 88' lang='lat' dir='ltr'>die</span> <span class='ocrx_word' id='word_1_64' title='bbox 1007 669 1063 705; x_wconf 87' lang='lat'>29</span> <span class='ocrx_word' id='word_1_65' title='bbox 1103 657 1213 697; x_wconf 86' lang='lat' dir='ltr'>Iunii</span> <span class='ocrx_word' id='word_1_66' title='bbox 1249 659 1298 700; x_wconf 87' lang='lat' dir='ltr'>ad</span> <span class='ocrx_word' id='word_1_67' title='bbox 1337 671 1360 708; x_wconf 84' lang='grc'>3</span> <span class='ocrx_word' id='word_1_68' title='bbox 1402 660 1526 710; x_wconf 86' lang='lat' dir='ltr'>Iulii,</span> <span class='ocrx_word' id='word_1_69' title='bbox 1579 661 1631 704; x_wconf 83' lang='lat' dir='ltr'>ab</span> 
     </span>
     <span class='ocr_line' id='line_1_9' title="bbox 169 720 1639 775; baseline 0.003 -11"><span class='ocrx_word' id='word_1_70' title='bbox 169 725 333 765; x_wconf 67' lang='lat' dir='ltr'>actione</span> <span class='ocrx_word' id='word_1_71' title='bbox 369 722 525 763; x_wconf 82' lang='lat' dir='ltr'>telluris</span> <span class='ocrx_word' id='word_1_72' title='bbox 563 720 736 761; x_wconf 79' lang='lat' dir='ltr'>sensibili</span> <span class='ocrx_word' id='word_1_73' title='bbox 773 721 1091 774; x_wconf 76' lang='lat' dir='ltr'>perturbatione</span> <span class='ocrx_word' id='word_1_74' title='bbox 1127 720 1244 762; x_wconf 80' lang='lat' dir='ltr'>fuiffe</span> <span class='ocrx_word' id='word_1_75' title='bbox 1296 723 1525 775; x_wconf 69' lang='lat' dir='ltr'>affestum,</span> <span class='ocrx_word' id='word_1_76' title='bbox 1562 726 1639 768; x_wconf 89' lang='lat' dir='ltr'>ob·</span> 
     </span>
     <span class='ocr_line' id='line_1_10' title="bbox 166 784 1635 843; baseline 0.002 -14"><span class='ocrx_word' id='word_1_77' title='bbox 166 788 419 829; x_wconf 82' lang='lat' dir='ltr'>seruationes</span> <span class='ocrx_word' id='word_1_78' title='bbox 457 786 570 824; x_wconf 86' lang='lat' dir='ltr'>enim</span> <span class='ocrx_word' id='word_1_79' title='bbox 607 784 669 823; x_wconf 85' lang='lat' dir='ltr'>his</span> <span class='ocrx_word' id='word_1_80' title='bbox 705 784 851 824; x_wconf 86' lang='lat' dir='ltr'>diebus</span> <span class='ocrx_word' id='word_1_81' title='bbox 889 784 1130 831; x_wconf 61' lang='lat' dir='ltr'>institutae,</span> <span class='ocrx_word' id='word_1_82' title='bbox 1183 800 1280 828; x_wconf 89' lang='lat' dir='ltr'>cum</span> <span class='ocrx_word' id='word_1_83' title='bbox 1335 790 1505 843; x_wconf 89' lang='lat' dir='ltr'>reliquis</span> <span class='ocrx_word' id='word_1_84' title='bbox 1551 792 1635 835; x_wconf 85' lang='lat' dir='ltr'>fiue</span> 
     </span>
     <span class='ocr_line' id='line_1_11' title="bbox 166 848 1635 901; baseline 0.003 -10"><span class='ocrx_word' id='word_1_85' title='bbox 166 862 287 892; x_wconf 78' lang='lat' dir='ltr'>antea</span> <span class='ocrx_word' id='word_1_86' title='bbox 321 850 403 889; x_wconf 75' lang='lat' dir='ltr'>siue</span> <span class='ocrx_word' id='word_1_87' title='bbox 438 849 709 901; x_wconf 87' lang='lat' dir='ltr'>postmodum</span> <span class='ocrx_word' id='word_1_88' title='bbox 745 848 859 888; x_wconf 65' lang='lat' dir='ltr'>factis</span> <span class='ocrx_word' id='word_1_89' title='bbox 882 879 892 898; x_wconf 90' lang='lat'>‚</span> <span class='ocrx_word' id='word_1_90' title='bbox 930 850 1042 890; x_wconf 75' lang='lat' dir='ltr'>nulla</span> <span class='ocrx_word' id='word_1_91' title='bbox 1081 850 1242 890; x_wconf 65' lang='lat' dir='ltr'>ratione</span> <span class='ocrx_word' id='word_1_92' title='bbox 1290 852 1338 891; x_wconf 86' lang='lat' dir='ltr'>ad</span> <span class='ocrx_word' id='word_1_93' title='bbox 1388 854 1635 896; x_wconf 89' lang='lat' dir='ltr'>consensum</span> 
     </span>
     <span class='ocr_line' id='line_1_12' title="bbox 164 911 1635 968; baseline 0.003 -13"><span class='ocrx_word' id='word_1_94' title='bbox 164 915 294 968; x_wconf 86' lang='lat' dir='ltr'>redigi</span> <span class='ocrx_word' id='word_1_95' title='bbox 341 913 455 967; x_wconf 76' lang='lat' dir='ltr'>poss‘e</span> <span class='ocrx_word' id='word_1_96' title='bbox 507 913 714 962; x_wconf 80' lang='lat' dir='ltr'>arbitror,</span> <span class='ocrx_word' id='word_1_97' title='bbox 767 926 1043 966; x_wconf 84' lang='lat' dir='ltr'>quaecunque</span> <span class='ocrx_word' id='word_1_98' title='bbox 1098 911 1308 956; x_wconf 89' lang='lat' dir='ltr'>Cometae</span> <span class='ocrx_word' id='word_1_99' title='bbox 1360 917 1635 961; x_wconf 78' lang='lat' dir='ltr'>adhibeantur</span> 
     </span>
     <span class='ocr_line' id='line_1_13' title="bbox 163 976 1635 1036; baseline 0.003 -15"><span class='ocrx_word' id='word_1_100' title='bbox 163 980 408 1022; x_wconf 81' lang='lat' dir='ltr'>Elementa.</span> <span class='ocrx_word' id='word_1_101' title='bbox 477 976 606 1031; x_wconf 87' lang='lat' dir='ltr'>Quod</span> <span class='ocrx_word' id='word_1_102' title='bbox 643 988 783 1016; x_wconf 85' lang='lat' dir='ltr'>autem</span> <span class='ocrx_word' id='word_1_103' title='bbox 820 977 942 1018; x_wconf 74' lang='lat' dir='ltr'>huius</span> <span class='ocrx_word' id='word_1_104' title='bbox 982 978 1282 1031; x_wconf 77' lang='lat' dir='ltr'>discrepantiae</span> <span class='ocrx_word' id='word_1_105' title='bbox 1317 982 1427 1021; x_wconf 87' lang='lat' dir='ltr'>ratio</span> <span class='ocrx_word' id='word_1_106' title='bbox 1461 996 1538 1036; x_wconf 87' lang='lat' dir='ltr'>per</span> <span class='ocrx_word' id='word_1_107' title='bbox 1574 982 1635 1024; x_wconf 85' lang='lat' dir='ltr'>ef·</span> 
     </span>
     <span class='ocr_line' id='line_1_14' title="bbox 163 1040 1631 1097; baseline 0.004 -14"><span class='ocrx_word' id='word_1_108' title='bbox 163 1045 321 1084; x_wconf 60' lang='lat' dir='ltr'>fenum</span> <span class='ocrx_word' id='word_1_109' title='bbox 356 1040 580 1081; x_wconf 83' lang='lat' dir='ltr'>Parallaxis</span> <span class='ocrx_word' id='word_1_110' title='bbox 618 1040 732 1080; x_wconf 69' lang='lat' dir='ltr'>reddi</span> <span class='ocrx_word' id='word_1_111' title='bbox 770 1054 850 1081; x_wconf 77' lang='lat' dir='ltr'>nor.</span> <span class='ocrx_word' id='word_1_112' title='bbox 891 1055 1040 1094; x_wconf 71' lang='lat' dir='ltr'>Queat,</span> <span class='ocrx_word' id='word_1_113' title='bbox 1077 1045 1161 1083; x_wconf 69' lang='lat' dir='ltr'>iam</span> <span class='ocrx_word' id='word_1_114' title='bbox 1199 1045 1289 1084; x_wconf 69' lang='lat' dir='ltr'>satis</span> <span class='ocrx_word' id='word_1_115' title='bbox 1328 1046 1511 1087; x_wconf 68' lang='lat' dir='ltr'>euic&#39;tum</span> <span class='ocrx_word' id='word_1_116' title='bbox 1551 1048 1631 1097; x_wconf 87' lang='lat' dir='ltr'>est,</span> 
     </span>
     <span class='ocr_line' id='line_1_15' title="bbox 163 1103 1635 1162; baseline 0.002 -13"><span class='ocrx_word' id='word_1_117' title='bbox 163 1107 370 1162; x_wconf 76' lang='lat' dir='ltr'>siquidem</span> <span class='ocrx_word' id='word_1_118' title='bbox 406 1103 634 1145; x_wconf 85' lang='lat' dir='ltr'>Parallaxis</span> <span class='ocrx_word' id='word_1_119' title='bbox 669 1107 711 1154; x_wconf 88' lang='lat'>9¹</span> <span class='ocrx_word' id='word_1_120' title='bbox 747 1118 898 1157; x_wconf 68' lang='lat' dir='ltr'>parum</span> <span class='ocrx_word' id='word_1_121' title='bbox 936 1108 1116 1156; x_wconf 63' lang='lat' dir='ltr'>excedit,</span> <span class='ocrx_word' id='word_1_122' title='bbox 1155 1109 1196 1147; x_wconf 89' lang='lat' dir='ltr'>in</span> <span class='ocrx_word' id='word_1_123' title='bbox 1233 1109 1516 1162; x_wconf 39' lang='lat' dir='ltr'>Longi-tudine</span> <span class='ocrx_word' id='word_1_124' title='bbox 1563 1124 1635 1152; x_wconf 83' lang='lat' dir='ltr'>au-</span> 
     </span>
     <span class='ocr_line' id='line_1_16' title="bbox 164 1168 1635 1226; baseline 0.003 -13"><span class='ocrx_word' id='word_1_125' title='bbox 164 1183 253 1213; x_wconf 88' lang='lat' dir='ltr'>tem</span> <span class='ocrx_word' id='word_1_126' title='bbox 290 1168 498 1211; x_wconf 87' lang='lat' dir='ltr'>Cometae</span> <span class='ocrx_word' id='word_1_127' title='bbox 533 1179 761 1210; x_wconf 82' lang='lat' dir='ltr'>occurrant</span> <span class='ocrx_word' id='word_1_128' title='bbox 797 1182 973 1222; x_wconf 61' lang='lat' dir='ltr'>errores,</span> <span class='ocrx_word' id='word_1_129' title='bbox 1010 1172 1081 1226; x_wconf 90' lang='lat' dir='ltr'>qui</span> <span class='ocrx_word' id='word_1_130' title='bbox 1116 1171 1303 1225; x_wconf 88' lang='lat' dir='ltr'>pluribus</span> <span class='ocrx_word' id='word_1_131' title='bbox 1339 1174 1532 1226; x_wconf 80' lang='lat' dir='ltr'>gradibus</span> <span class='ocrx_word' id='word_1_132' title='bbox 1564 1174 1635 1216; x_wconf 85' lang='lat' dir='ltr'>ab·</span> 
     </span>
     <span class='ocr_line' id='line_1_17' title="bbox 163 1237 396 1278; baseline -0.017 0"><span class='ocrx_word' id='word_1_133' title='bbox 163 1237 396 1278; x_wconf 86' lang='lat' dir='ltr'>soluuntur.</span> 
     </span>
    </p>

    <p class='ocr_par' dir='ltr' id='par_1_3' title="bbox 164 1295 1633 1485">
     <span class='ocr_line' id='line_1_18' title="bbox 357 1295 1633 1353; baseline 0.007 -17"><span class='ocrx_word' id='word_1_134' title='bbox 357 1301 391 1348; x_wconf 70' lang='grc' dir='ltr'>ξ.</span> <span class='ocrx_word' id='word_1_135' title='bbox 433 1306 501 1342; x_wconf 86' lang='lat'>18.</span> <span class='ocrx_word' id='word_1_136' title='bbox 570 1295 911 1338; x_wconf 79' lang='lat' dir='ltr'>perturbationes</span> <span class='ocrx_word' id='word_1_137' title='bbox 949 1309 1094 1340; x_wconf 83' lang='lat' dir='ltr'>autem</span> <span class='ocrx_word' id='word_1_138' title='bbox 1129 1301 1278 1353; x_wconf 88' lang='lat' dir='ltr'>quibus</span> <span class='ocrx_word' id='word_1_139' title='bbox 1314 1301 1437 1342; x_wconf 87' lang='lat' dir='ltr'>huius</span> <span class='ocrx_word' id='word_1_140' title='bbox 1474 1299 1633 1345; x_wconf 89' lang='lat' dir='ltr'>Come-</span> 
     </span>
     <span class='ocr_line' id='line_1_19' title="bbox 166 1361 1631 1420; baseline 0.002 -14"><span class='ocrx_word' id='word_1_141' title='bbox 166 1375 230 1406; x_wconf 85' lang='lat' dir='ltr'>tae</span> <span class='ocrx_word' id='word_1_142' title='bbox 266 1373 408 1405; x_wconf 86' lang='lat' dir='ltr'>motus</span> <span class='ocrx_word' id='word_1_143' title='bbox 445 1362 494 1403; x_wconf 85' lang='lat' dir='ltr'>ab</span> <span class='ocrx_word' id='word_1_144' title='bbox 539 1363 703 1402; x_wconf 67' lang='lat' dir='ltr'>actione</span> <span class='ocrx_word' id='word_1_145' title='bbox 757 1361 870 1403; x_wconf 88' lang='lat' dir='ltr'>Iouis</span> <span class='ocrx_word' id='word_1_146' title='bbox 923 1363 1105 1404; x_wconf 86' lang='lat' dir='ltr'>afficitur</span> <span class='ocrx_word' id='word_1_147' title='bbox 1158 1364 1278 1405; x_wconf 80' lang='lat' dir='ltr'>valde</span> <span class='ocrx_word' id='word_1_148' title='bbox 1329 1379 1499 1420; x_wconf 81' lang='lat' dir='ltr'>magnas</span> <span class='ocrx_word' id='word_1_149' title='bbox 1551 1368 1631 1409; x_wconf 83' lang='lat' dir='ltr'>effe</span> 
     </span>
     <span class='ocr_line' id='line_1_20' title="bbox 164 1426 1632 1485; baseline 0.002 -15"><span class='ocrx_word' id='word_1_150' title='bbox 164 1429 377 1484; x_wconf 64' lang='lat' dir='ltr'>oportere,</span> <span class='ocrx_word' id='word_1_151' title='bbox 412 1426 678 1480; x_wconf 89' lang='lat' dir='ltr'>perspicuum</span> <span class='ocrx_word' id='word_1_152' title='bbox 713 1426 799 1479; x_wconf 78' lang='lat' dir='ltr'>est3</span> <span class='ocrx_word' id='word_1_153' title='bbox 835 1428 972 1468; x_wconf 89' lang='lat' dir='ltr'>immo</span> <span class='ocrx_word' id='word_1_154' title='bbox 1008 1429 1107 1469; x_wconf 91' lang='lat' dir='ltr'>dum</span> <span class='ocrx_word' id='word_1_155' title='bbox 1147 1426 1331 1470; x_wconf 85' lang='lat' dir='ltr'>Cometa</span> <span class='ocrx_word' id='word_1_156' title='bbox 1366 1431 1407 1471; x_wconf 89' lang='lat' dir='ltr'>in</span> <span class='ocrx_word' id='word_1_157' title='bbox 1430 1432 1632 1485; x_wconf 86' lang='lat' dir='ltr'>proxima</span> 
     </span>
    </p>
   </div>
   <div class='ocr_carea' id='block_1_3' title="bbox 94 1492 1630 1542">
    <p class='ocr_par' dir='ltr' id='par_1_4' title="bbox 94 1492 1630 1542">
     <span class='ocr_line' id='line_1_21' title="bbox 94 1492 1630 1542; baseline 0.003 -9"><span class='ocrx_word' id='word_1_158' title='bbox 94 1501 98 1505; x_wconf 87' lang='lat'>·</span> <span class='ocrx_word' id='word_1_159' title='bbox 164 1508 188 1534; x_wconf 84' lang='lat' dir='ltr'>a</span> <span class='ocrx_word' id='word_1_160' title='bbox 220 1493 324 1533; x_wconf 88' lang='lat' dir='ltr'>Ioue</span> <span class='ocrx_word' id='word_1_161' title='bbox 359 1492 551 1532; x_wconf 77' lang='lat' dir='ltr'>distantia</span> <span class='ocrx_word' id='word_1_162' title='bbox 583 1502 844 1539; x_wconf 78' lang='lat'>:0‚0100</span> <span class='ocrx_word' id='word_1_163' title='bbox 882 1494 1099 1542; x_wconf 84' lang='lat' dir='ltr'>versatur,</span> <span class='ocrx_word' id='word_1_164' title='bbox 1158 1494 1265 1534; x_wconf 65' lang='lat' dir='ltr'>aftio</span> <span class='ocrx_word' id='word_1_165' title='bbox 1312 1493 1424 1536; x_wconf 89' lang='lat' dir='ltr'>Iouis</span> <span class='ocrx_word' id='word_1_166' title='bbox 1460 1497 1502 1536; x_wconf 89' lang='lat' dir='ltr'>in</span> <span class='ocrx_word' id='word_1_167' title='bbox 1540 1493 1630 1537; x_wconf 87' lang='lat' dir='ltr'>Co-</span> 
     </span>
    </p>
   </div>
   <div class='ocr_carea' id='block_1_4' title="bbox 160 1553 1677 2320">
    <p class='ocr_par' dir='ltr' id='par_1_5' title="bbox 160 1553 1677 2320">
     <span class='ocr_line' id='line_1_22' title="bbox 163 1553 1628 1614; baseline 0.001 -15"><span class='ocrx_word' id='word_1_168' title='bbox 163 1566 337 1603; x_wconf 89' lang='lat' dir='ltr'>metam,</span> <span class='ocrx_word' id='word_1_169' title='bbox 373 1554 503 1608; x_wconf 83' lang='lat' dir='ltr'>ipsam</span> <span class='ocrx_word' id='word_1_170' title='bbox 538 1556 627 1595; x_wconf 86' lang='lat' dir='ltr'>vim</span> <span class='ocrx_word' id='word_1_171' title='bbox 661 1553 769 1597; x_wconf 88' lang='lat' dir='ltr'>Solis</span> <span class='ocrx_word' id='word_1_172' title='bbox 807 1556 990 1598; x_wconf 87' lang='lat' dir='ltr'>multum</span> <span class='ocrx_word' id='word_1_173' title='bbox 1027 1559 1218 1611; x_wconf 84' lang='lat' dir='ltr'>superare</span> <span class='ocrx_word' id='word_1_174' title='bbox 1255 1558 1408 1611; x_wconf 77' lang='lat' dir='ltr'>debet3</span> <span class='ocrx_word' id='word_1_175' title='bbox 1441 1560 1481 1599; x_wconf 90' lang='lat' dir='ltr'>id</span> <span class='ocrx_word' id='word_1_176' title='bbox 1512 1560 1628 1614; x_wconf 91' lang='lat' dir='ltr'>quod</span> 
     </span>
     <span class='ocr_line' id='line_1_23' title="bbox 160 1617 1624 1674; baseline 0.001 -12"><span class='ocrx_word' id='word_1_177' title='bbox 160 1619 282 1662; x_wconf 86' lang='lat' dir='ltr'>facile</span> <span class='ocrx_word' id='word_1_178' title='bbox 316 1618 580 1671; x_wconf 71' lang='lat' dir='ltr'>inteliigitur,</span> <span class='ocrx_word' id='word_1_179' title='bbox 617 1617 644 1659; x_wconf 89' lang='lat' dir='ltr'>fi</span> <span class='ocrx_word' id='word_1_180' title='bbox 679 1621 962 1674; x_wconf 83' lang='lat' dir='ltr'>perpendatur</span> <span class='ocrx_word' id='word_1_181' title='bbox 996 1620 1069 1662; x_wconf 87' lang='lat' dir='ltr'>has</span> <span class='ocrx_word' id='word_1_182' title='bbox 1105 1624 1215 1662; x_wconf 75' lang='lat' dir='ltr'>vires</span> <span class='ocrx_word' id='word_1_183' title='bbox 1253 1632 1393 1663; x_wconf 88' lang='lat' dir='ltr'>tenere</span> <span class='ocrx_word' id='word_1_184' title='bbox 1438 1624 1550 1664; x_wconf 88' lang='lat' dir='ltr'>inter</span> <span class='ocrx_word' id='word_1_185' title='bbox 1586 1624 1624 1664; x_wconf 88' lang='lat' dir='ltr'>se</span> 
     </span>
     <span class='ocr_line' id='line_1_24' title="bbox 164 1685 1626 1738; baseline 0.002 -12"><span class='ocrx_word' id='word_1_186' title='bbox 164 1686 371 1726; x_wconf 82' lang='lat' dir='ltr'>rationem</span> <span class='ocrx_word' id='word_1_187' title='bbox 393 1713 403 1732; x_wconf 88' lang='lat'><strong>‚</strong></span> <span class='ocrx_word' id='word_1_188' title='bbox 454 1695 562 1735; x_wconf 83' lang='lat' dir='ltr'>quae</span> <span class='ocrx_word' id='word_1_189' title='bbox 616 1685 888 1738; x_wconf 86' lang='lat' dir='ltr'>componitur</span> <span class='ocrx_word' id='word_1_190' title='bbox 923 1699 977 1726; x_wconf 85' lang='lat' dir='ltr'>ex</span> <span class='ocrx_word' id='word_1_191' title='bbox 1011 1686 1169 1727; x_wconf 70' lang='lat' dir='ltr'>directa</span> <span class='ocrx_word' id='word_1_192' title='bbox 1204 1687 1368 1727; x_wconf 80' lang='lat' dir='ltr'>ratione</span> <span class='ocrx_word' id='word_1_193' title='bbox 1405 1688 1626 1729; x_wconf 76' lang='lat' dir='ltr'>massarum</span> 
     </span>
     <span class='ocr_line' id='line_1_25' title="bbox 164 1746 1625 1803; baseline 0.003 -14"><span class='ocrx_word' id='word_1_194' title='bbox 164 1749 278 1790; x_wconf 85' lang='lat' dir='ltr'>Iouis</span> <span class='ocrx_word' id='word_1_195' title='bbox 314 1757 355 1789; x_wconf 87' lang='lat' dir='ltr'>et</span> <span class='ocrx_word' id='word_1_196' title='bbox 389 1746 498 1788; x_wconf 88' lang='lat' dir='ltr'>Solis</span> <span class='ocrx_word' id='word_1_197' title='bbox 535 1756 575 1787; x_wconf 90' lang='lat' dir='ltr'>et</span> <span class='ocrx_word' id='word_1_198' title='bbox 608 1748 769 1789; x_wconf 88' lang='lat' dir='ltr'>inuersa</span> <span class='ocrx_word' id='word_1_199' title='bbox 820 1750 1120 1803; x_wconf 83' lang='lat' dir='ltr'>quadratorum</span> <span class='ocrx_word' id='word_1_200' title='bbox 1174 1763 1227 1790; x_wconf 86' lang='lat' dir='ltr'>ex</span> <span class='ocrx_word' id='word_1_201' title='bbox 1278 1751 1482 1794; x_wconf 86' lang='lat' dir='ltr'>distantiis</span> <span class='ocrx_word' id='word_1_202' title='bbox 1535 1749 1625 1793; x_wconf 84' lang='lat' dir='ltr'>Co-</span> 
     </span>
     <span class='ocr_line' id='line_1_26' title="bbox 164 1810 1624 1868; baseline 0.001 -14"><span class='ocrx_word' id='word_1_203' title='bbox 164 1824 308 1854; x_wconf 84' lang='lat' dir='ltr'>metae</span> <span class='ocrx_word' id='word_1_204' title='bbox 345 1827 368 1852; x_wconf 89' lang='lat' dir='ltr'>a</span> <span class='ocrx_word' id='word_1_205' title='bbox 402 1811 506 1852; x_wconf 90' lang='lat' dir='ltr'>Ioue</span> <span class='ocrx_word' id='word_1_206' title='bbox 542 1820 583 1851; x_wconf 87' lang='lat' dir='ltr'>et</span> <span class='ocrx_word' id='word_1_207' title='bbox 616 1810 725 1854; x_wconf 82' lang='lat' dir='ltr'>Sole.</span> <span class='ocrx_word' id='word_1_208' title='bbox 795 1812 943 1868; x_wconf 89' lang='lat' dir='ltr'>Quum</span> <span class='ocrx_word' id='word_1_209' title='bbox 978 1815 1110 1867; x_wconf 83' lang='lat' dir='ltr'>igitur</span> <span class='ocrx_word' id='word_1_210' title='bbox 1147 1816 1270 1855; x_wconf 70' lang='lat' dir='ltr'>masia</span> <span class='ocrx_word' id='word_1_211' title='bbox 1306 1815 1418 1856; x_wconf 86' lang='lat' dir='ltr'>Iouis</span> <span class='ocrx_word' id='word_1_212' title='bbox 1448 1816 1496 1856; x_wconf 86' lang='lat' dir='ltr'>fit</span> <span class='ocrx_word' id='word_1_213' title='bbox 1518 1828 1624 1867; x_wconf 82' lang='lat'>340,</span> 
     </span>
     <span class='ocr_line' id='line_1_27' title="bbox 164 1874 1624 1928; baseline 0.002 -10"><span class='ocrx_word' id='word_1_214' title='bbox 164 1877 366 1918; x_wconf 87' lang='lat' dir='ltr'>existente</span> <span class='ocrx_word' id='word_1_215' title='bbox 403 1876 525 1916; x_wconf 83' lang='lat' dir='ltr'>massa</span> <span class='ocrx_word' id='word_1_216' title='bbox 560 1874 667 1916; x_wconf 86' lang='lat' dir='ltr'>Solis</span> <span class='ocrx_word' id='word_1_217' title='bbox 704 1879 1038 1928; x_wconf 83' lang='lat' dir='ltr'>365412,rati0</span> <span class='ocrx_word' id='word_1_218' title='bbox 1074 1889 1215 1920; x_wconf 86' lang='lat' dir='ltr'>autem</span> <span class='ocrx_word' id='word_1_219' title='bbox 1252 1880 1539 1920; x_wconf 83' lang='lat' dir='ltr'>distantiarum</span> <span class='ocrx_word' id='word_1_220' title='bbox 1575 1881 1624 1921; x_wconf 90' lang='lat' dir='ltr'>fit</span> 
     </span>
     <span class='ocr_line' id='line_1_28' title="bbox 167 1942 1622 1995; baseline 0.004 -16"><span class='ocrx_word' id='word_1_221' title='bbox 167 1951 316 1992; x_wconf 81' lang='lat'>5‚451</span> <span class='ocrx_word' id='word_1_222' title='bbox 358 1955 366 1980; x_wconf 72' lang='grc' dir='ltr'><strong><em>ε</em></strong></span> <span class='ocrx_word' id='word_1_223' title='bbox 403 1952 657 1993; x_wconf 81' lang='lat'>0,01009;</span> <span class='ocrx_word' id='word_1_224' title='bbox 706 1942 920 1995; x_wconf 84' lang='lat' dir='ltr'>colligitur</span> <span class='ocrx_word' id='word_1_225' title='bbox 970 1945 1059 1984; x_wconf 88' lang='lat' dir='ltr'>vim</span> <span class='ocrx_word' id='word_1_226' title='bbox 1124 1942 1236 1984; x_wconf 86' lang='lat' dir='ltr'>Iouis</span> <span class='ocrx_word' id='word_1_227' title='bbox 1298 1945 1341 1984; x_wconf 89' lang='lat' dir='ltr'>in</span> <span class='ocrx_word' id='word_1_228' title='bbox 1395 1942 1622 1985; x_wconf 88' lang='lat' dir='ltr'>Cometam</span> 
     </span>
     <span class='ocr_line' id='line_1_29' title="bbox 162 2002 1623 2062; baseline 0.002 -16"><span class='ocrx_word' id='word_1_229' title='bbox 162 2005 293 2061; x_wconf 89' lang='lat' dir='ltr'>ipsam</span> <span class='ocrx_word' id='word_1_230' title='bbox 328 2005 416 2045; x_wconf 89' lang='lat' dir='ltr'>vim</span> <span class='ocrx_word' id='word_1_231' title='bbox 453 2002 560 2044; x_wconf 85' lang='lat' dir='ltr'>Solis</span> <span class='ocrx_word' id='word_1_232' title='bbox 601 2015 688 2054; x_wconf 87' lang='lat'>272</span> <span class='ocrx_word' id='word_1_233' title='bbox 724 2006 885 2047; x_wconf 88' lang='lat' dir='ltr'>vicibus</span> <span class='ocrx_word' id='word_1_234' title='bbox 922 2007 1128 2062; x_wconf 87' lang='lat' dir='ltr'>superare.</span> <span class='ocrx_word' id='word_1_235' title='bbox 1211 2007 1286 2049; x_wconf 87' lang='lat' dir='ltr'>Sin</span> <span class='ocrx_word' id='word_1_236' title='bbox 1336 2018 1478 2051; x_wconf 90' lang='lat' dir='ltr'>autem</span> <span class='ocrx_word' id='word_1_237' title='bbox 1524 2009 1623 2050; x_wconf 88' lang='lat' dir='ltr'>reti-</span> 
     </span>
     <span class='ocr_line' id='line_1_30' title="bbox 162 2067 1623 2126; baseline 0.003 -16"><span class='ocrx_word' id='word_1_238' title='bbox 162 2080 311 2110; x_wconf 86' lang='lat' dir='ltr'>neatur</span> <span class='ocrx_word' id='word_1_239' title='bbox 345 2068 537 2109; x_wconf 84' lang='lat' dir='ltr'>distantia</span> <span class='ocrx_word' id='word_1_240' title='bbox 571 2067 777 2112; x_wconf 87' lang='lat' dir='ltr'>Cometae</span> <span class='ocrx_word' id='word_1_241' title='bbox 813 2086 836 2111; x_wconf 87' lang='lat' dir='ltr'>a</span> <span class='ocrx_word' id='word_1_242' title='bbox 870 2069 968 2112; x_wconf 86' lang='lat' dir='ltr'>Sole</span> <span class='ocrx_word' id='word_1_243' title='bbox 990 2102 1002 2120; x_wconf 94' lang='lat'><strong>‚</strong></span> <span class='ocrx_word' id='word_1_244' title='bbox 1049 2082 1163 2126; x_wconf 82' lang='lat' dir='ltr'>patet</span> <span class='ocrx_word' id='word_1_245' title='bbox 1207 2074 1292 2114; x_wconf 87' lang='lat' dir='ltr'>eius</span> <span class='ocrx_word' id='word_1_246' title='bbox 1329 2073 1563 2113; x_wconf 87' lang='lat' dir='ltr'>distantiam</span> <span class='ocrx_word' id='word_1_247' title='bbox 1600 2088 1623 2115; x_wconf 86' lang='lat' dir='ltr'>a</span> 
     </span>
     <span class='ocr_line' id='line_1_31' title="bbox 162 2132 1677 2186; baseline 0.003 -12"><span class='ocrx_word' id='word_1_248' title='bbox 162 2133 266 2175; x_wconf 91' lang='lat' dir='ltr'>Ioue</span> <span class='ocrx_word' id='word_1_249' title='bbox 304 2133 381 2174; x_wconf 81' lang='lat' dir='ltr'>effe</span> <span class='ocrx_word' id='word_1_250' title='bbox 417 2132 568 2174; x_wconf 86' lang='lat' dir='ltr'>debere</span> <span class='ocrx_word' id='word_1_251' title='bbox 603 2145 644 2182; x_wconf 88' lang='lat'>0,</span> <span class='ocrx_word' id='word_1_252' title='bbox 668 2138 785 2184; x_wconf 81' lang='lat'><strong>1663</strong></span> <span class='ocrx_word' id='word_1_253' title='bbox 825 2136 1015 2186; x_wconf 88' lang='lat' dir='ltr'>circiter,</span> <span class='ocrx_word' id='word_1_254' title='bbox 1061 2147 1108 2176; x_wconf 90' lang='lat' dir='ltr'>vt</span> <span class='ocrx_word' id='word_1_255' title='bbox 1143 2137 1251 2177; x_wconf 76' lang='lat' dir='ltr'>ac‘tio</span> <span class='ocrx_word' id='word_1_256' title='bbox 1302 2136 1415 2177; x_wconf 75' lang='lat' dir='ltr'>louis</span> <span class='ocrx_word' id='word_1_257' title='bbox 1468 2138 1621 2179; x_wconf 67' lang='lat' dir='ltr'>astioni</span> <span class='ocrx_word' id='word_1_258' title='bbox 1674 2165 1677 2168; x_wconf 35' lang='lat'><strong>⁴</strong></span> 
     </span>
     <span class='ocr_line' id='line_1_32' title="bbox 162 2197 1624 2256; baseline 0.003 -19"><span class='ocrx_word' id='word_1_259' title='bbox 162 2197 269 2238; x_wconf 87' lang='lat' dir='ltr'>Solis</span> <span class='ocrx_word' id='word_1_260' title='bbox 305 2207 536 2249; x_wconf 87' lang='lat' dir='ltr'>aequetur;</span> <span class='ocrx_word' id='word_1_261' title='bbox 571 2198 680 2239; x_wconf 83' lang='lat' dir='ltr'>vnde</span> <span class='ocrx_word' id='word_1_262' title='bbox 715 2200 982 2241; x_wconf 87' lang='lat' dir='ltr'>concluditur</span> <span class='ocrx_word' id='word_1_263' title='bbox 1015 2212 1091 2254; x_wconf 89' lang='lat' dir='ltr'>per</span> <span class='ocrx_word' id='word_1_264' title='bbox 1125 2200 1264 2254; x_wconf 88' lang='lat' dir='ltr'>plures</span> <span class='ocrx_word' id='word_1_265' title='bbox 1310 2203 1488 2242; x_wconf 86' lang='lat' dir='ltr'>omnino</span> <span class='ocrx_word' id='word_1_266' title='bbox 1531 2215 1624 2256; x_wconf 83' lang='lat' dir='ltr'>gra-</span> 
     </span>
     <span class='ocr_line' id='line_1_33' title="bbox 162 2261 1622 2320; baseline 0.003 -17"><span class='ocrx_word' id='word_1_267' title='bbox 162 2264 238 2303; x_wconf 89' lang='lat' dir='ltr'>dus</span> <span class='ocrx_word' id='word_1_268' title='bbox 274 2261 479 2302; x_wconf 65' lang='lat' dir='ltr'>astionem</span> <span class='ocrx_word' id='word_1_269' title='bbox 518 2262 631 2302; x_wconf 88' lang='lat' dir='ltr'>Iouis</span> <span class='ocrx_word' id='word_1_270' title='bbox 667 2262 708 2302; x_wconf 87' lang='lat' dir='ltr'>in</span> <span class='ocrx_word' id='word_1_271' title='bbox 745 2261 974 2305; x_wconf 80' lang='lat' dir='ltr'>cometam</span> <span class='ocrx_word' id='word_1_272' title='bbox 1010 2265 1097 2304; x_wconf 87' lang='lat' dir='ltr'>vim</span> <span class='ocrx_word' id='word_1_273' title='bbox 1134 2264 1243 2306; x_wconf 88' lang='lat' dir='ltr'>Solis</span> <span class='ocrx_word' id='word_1_274' title='bbox 1279 2265 1369 2306; x_wconf 87' lang='lat' dir='ltr'>fore</span> <span class='ocrx_word' id='word_1_275' title='bbox 1405 2266 1622 2320; x_wconf 88' lang='lat' dir='ltr'>superatu-</span> 
     </span>
    </p>
   </div>
   <div class='ocr_carea' id='block_1_5' title="bbox 159 2325 1622 2442">
    <p class='ocr_par' dir='ltr' id='par_1_6' title="bbox 159 2325 1622 2442">
     <span class='ocr_line' id='line_1_34' title="bbox 159 2325 1619 2386; baseline 0.001 -18"><span class='ocrx_word' id='word_1_276' title='bbox 159 2338 283 2378; x_wconf 82' lang='lat' dir='ltr'>ram;</span> <span class='ocrx_word' id='word_1_277' title='bbox 318 2338 448 2379; x_wconf 90' lang='lat' dir='ltr'>quum</span> <span class='ocrx_word' id='word_1_278' title='bbox 484 2326 626 2381; x_wconf 87' lang='lat' dir='ltr'>itaque</span> <span class='ocrx_word' id='word_1_279' title='bbox 661 2337 802 2368; x_wconf 90' lang='lat' dir='ltr'>motus</span> <span class='ocrx_word' id='word_1_280' title='bbox 837 2325 1046 2368; x_wconf 78' lang='lat' dir='ltr'>cometae</span> <span class='ocrx_word' id='word_1_281' title='bbox 1081 2330 1124 2370; x_wconf 89' lang='lat' dir='ltr'>in</span> <span class='ocrx_word' id='word_1_282' title='bbox 1159 2329 1349 2386; x_wconf 87' lang='lat' dir='ltr'>Aphelio</span> <span class='ocrx_word' id='word_1_283' title='bbox 1396 2329 1447 2372; x_wconf 77' lang='lat' dir='ltr'>sit</span> <span class='ocrx_word' id='word_1_284' title='bbox 1498 2329 1619 2370; x_wconf 81' lang='lat' dir='ltr'>valde</span> 
     </span>
     <span class='ocr_line' id='line_1_35' title="bbox 870 2389 1622 2442; baseline 0.004 -10"><span class='ocrx_word' id='word_1_285' title='bbox 870 2389 914 2432; x_wconf 90' lang='lat' dir='ltr'>V</span> <span class='ocrx_word' id='word_1_286' title='bbox 934 2404 960 2432; x_wconf 82' lang='lat' dir='ltr'>v</span> <span class='ocrx_word' id='word_1_287' title='bbox 1001 2404 1024 2442; x_wconf 83' lang='lat'>3</span> <span class='ocrx_word' id='word_1_288' title='bbox 1484 2394 1622 2435; x_wconf 80' lang='lat' dir='ltr'>lentus</span> 
     </span>
    </p>
   </div>
  </div>
 </body>
</html>
