1992 2756
823 211 941 264 »⁰5³2ss
1004 206 1206 270 )328<
1267 212 1385 267 ἐᾷ·-

373 316 886 383 CONIECTVR
880 319 930 380 A
985 320 1100 383 DE
1148 322 1377 385 LOCIS
1429 322 1706 407 COELI,
1766 324 1856 385 IN

369 405 600 473 QVIBVS
636 405 909 452 COMETA
943 409 1101 452 ANNI
1137 421 1279 461 1770,
1313 410 1380 454 ΙΝ
1413 378 1706 454 PROXIMO'
1726 411 1853 458 SVO

431 471 524 546 AD
565 472 951 520 PERIHELWM
987 474 1241 527 REDITV,
1276 475 1314 517 E
1350 475 1640 520 TELLVRE
1672 474 1786 521 No-

732 538 903 586 STRA
942 536 1230 585 CONSPlcl
1270 540 1493 587 DEBET

978 650 1334 699 Austore'

909 751 1316 798 LEXELL.

1039 889 1074 936 §.
1147 897 1186 925 1.

373 947 588 1090 Quae
622 986 666 1029 in
699 985 1003 1030 DissertatIOne
1037 987 1090 1029 de
1122 987 1350 1042 Tempore
1384 982 1609 1030 Periodico
1640 984 1852 1032 Cometae

544 1052 630 1094 An.
655 1063 791 1102 1773.
835 1051 1059 1100 obseruafi,
1099 1052 1319 1093 attulimus
1356 1062 1631 1105 argumenta,
1663 1067 1743 1108 pro
1776 1054 1856 1095 sta·

371 1116 559 1160 bilienda
595 1116 831 1171 quantitate
866 1116 991 1158 huius
1025 1115 1257 1172 Temporis
1292 1115 1520 1167 Periodici,
1549 1117 1651 1159 licet
1671 1117 1852 1158 omnino

370 1181 603 1239 ¹perfectam
639 1181 939 1224 certitudinem
973 1182 1144 1236 gignere
1180 1193 1265 1223 non
1302 1180 1516 1231 valerent,
1550 1182 1753 1236 insignem
1791 1191 1854 1223 ta-

371 1260 476 1291 men
512 1245 889 1289 verifimilitudinis
923 1247 1103 1301 gradum
1140 1245 1370 1288 sententiae
1408 1262 1430 1287 a
1466 1246 1587 1287 nobis
1618 1246 1856 1302 propositae

370 1312 529 1361 *iisdem
581 1311 830 1362 conciliari,
882 1320 1002 1353 certo
1050 1310 1230 1365 persuasi
1264 1311 1433 1365 sumus;
1481 1311 1582 1353 hinc
1618 1324 1748 1364 quum
1785 1322 1851 1351 res

377 1375 745 1421 Astronomorurn
782 1377 1017 1416 attentione
1052 1373 1179 1427 digna
1212 1388 1340 1429 quam
1377 1376 1566 1418 maxime
1602 1375 1665 1425 sit,
1701 1384 1748 1415 vt
1782 1386 1855 1416 re·

382 1442 494 1483 ditus
530 1441 654 1483 huius
691 1437 896 1481 Cometae
932 1438 1198 1489 obstruetur,
1245 1441 1426 1482 omnino
1460 1453 1614 1496 operae
1663 1440 1852 1495 pretium

372 1504 477 1554 -erit,
511 1512 558 1544 vt
593 1503 869 1557 disquiramus
905 1503 956 1544 de
989 1502 1070 1544 illis
1105 1503 1211 1546 coeli
1247 1504 1377 1555 locis,
1424 1505 1496 1545 vbi
1540 1504 1655 1545 hunc
1691 1499 1853 1544 Come-

380 1577 467 1609 tam
506 1580 703 1622 quaerere
738 1569 967 1615 conuenit,
1003 1568 1105 1608 dum
1147 1570 1349 1623 proxima
1392 1570 1487 1609 vice
1533 1568 1620 1609 eius
1665 1566 1852 1608 reditum

380 1633 430 1673 ad
473 1631 734 1673 Peribelium
779 1632 1078 1687 exspectamus.
1168 1631 1281 1687 Quia
1334 1632 1463 1687 igitur
1515 1633 1735 1673 inuentum
1794 1629 1854 1671 est

379 1706 547 1751 tempus
582 1695 850 1738 Periodicum
888 1694 1096 1738 Cometae
1131 1698 1258 1738 nostri
1298 1708 1320 1747 5
1376 1709 1584 1738 annorum
1636 1708 1733 1737 cum
1790 1693 1852 1733 di-

379 1762 530 1809 midio‚
566 1760 818 1815 perspicitur
851 1760 963 1803 hunc
1001 1758 1226 1802 Cometam
1263 1762 1464 1816 proxima
1496 1762 1590 1801 vice
1615 1760 1701 1800 An.
1728 1765 1843 1806 1781

381 1825 526 1868 mense
558 1824 738 1879 Augusti
773 1827 929 1867 iterum
975 1838 1051 1879 per
1100 1824 1354 1866 Perihelium
1406 1824 1673 1866 transiturum
1728 1823 1849 1870 sore,

382 1891 515 1932 modo
550 1889 619 1931 hic
655 1890 774 1931 valor
820 1903 899 1944 pro
952 1901 1146 1942 tempore
1198 1889 1421 1930 Periodico
1471 1890 1550 1930 rite
1602 1887 1641 1929 se
1684 1887 1848 1928 habeat.

383 1954 447 1998 At
481 1965 621 1995 tamen
657 1953 769 1996 facili
805 1955 978 2008 negotio
1012 1952 1273 2006 intelligitur,
1307 1954 1384 1995 hac
1420 1955 1462 1994 in
1500 1965 1545 1994 re
1581 1962 1738 1993 tantam
1774 1961 1850 1990 ex-

385 2020 656 2060 atstitudinem
693 2019 920 2073 exspectari
958 2030 1041 2059 non
1081 2017 1240 2067 debere,
1254 2028 1302 2058 vt
1338 2031 1421 2058 non
1441 2018 1699 2058 incertitudo
1722 2025 1849 2067 qnae-

383 2085 496 2132 dam,
532 2083 693 2136 aliquot
729 2083 933 2123 menfium
968 2081 1036 2122 vel
1072 2082 1177 2121 adeo
1211 2082 1374 2122 dimidii
1421 2081 1519 2123 anni
1555 2080 1721 2120 admitti
1768 2077 1843 2117 de-

384 2147 511 2199 bear,
545 2160 673 2200 quam
709 2146 764 2186 ob
801 2160 888 2187 rem
926 2146 1029 2187 haec
1066 2146 1292 2199 disquisitio
1327 2146 1385 2187 ita
1420 2146 1474 2186 est
1510 2140 1778 2184 instituenda,'
1802 2148 1849 2179 vt

385 2222 465 2263 pro
501 2211 637 2252 reditu
673 2208 880 2254 Cometae
915 2210 1038 2253 huius
1073 2210 1379 2253 incertitudinis
1437 2221 1606 2265 quoque
1650 2207 1849 2251 habeatur

384 2283 508 2315 Iano-

1734 2368 1770 2418 §.
1807 2375 1849 2405 2.
