1992 2756
611 174 744 232 ¹³55}ss
810 177 1006 236 >343(
1068 179 1185 231 ἓέεὲω

169 287 839 352 OBSERVATIONES
876 289 1122 347 CIRCA
1151 287 1642 352 METHODVM

169 377 538 423 INVENIENDI
573 375 1064 419 LONGITVDINEM
1099 374 1276 427 LOCI‚
1314 377 1394 418 EX
1432 376 1645 423 OBSER-

232 443 412 488 VATA
439 441 786 488 DISTANTIA
820 441 1035 485 LVNAE
1069 441 1115 484 A
1150 441 1384 486 STELLA
1421 442 1575 485 FIXA.

770 569 1044 611 Auctore

692 666 726 708 L
760 666 797 707 E
834 665 944 708 XE
979 665 1012 707 L
1049 665 1098 707 L,

829 800 865 848 ξ,
940 812 975 841 ι.

277 912 376 943 uum
414 912 467 940 ex
501 897 681 940 Tabulis
716 901 949 942 Lunaribus
986 915 1065 956 pro
1101 901 1199 944 dato
1247 911 1442 957 tempore
1464 933 1474 951 ,
1526 902 1641 943 Iocus

309 966 451 1006 Lunae
474 995 484 1013 ‚
529 963 717 1018 hincque
762 966 849 1005 eius
886 966 1075 1007 distantia
1112 981 1133 1007 a
1168 966 1279 1008 steila
1316 966 1520 1021 cognita,
1556 967 1646 1008 affi-

167 1031 284 1083 gnari
321 1039 478 1082 queat3
531 1027 705 1069 vieiffim
744 1041 917 1082 quoqne·
954 1044 1008 1071 ex
1045 1031 1139 1071 data
1173 1031 1368 1072 distantia
1418 1031 1566 1072 Lunae
1618 1046 1641 1072 a

167 1093 292 1140 stella,
330 1103 494 1146 tempus
531 1092 711 1132 inueniri
749 1094 883 1145 potest
918 1108 996 1148 pro
1032 1096 1130 1135 dato
1166 1095 1422 1145 Meridiano,
1467 1094 1534 1135 cui
1571 1095 1643 1135 ista

170 1157 359 1197 distantia
394 1156 627 1210 respondet.
698 1157 807 1196 Hinc
846 1156 873 1196 fi
910 1172 988 1212 pro
1024 1158 1122 1199 Ioco
1154 1158 1353 1212 quodam,
1375 1158 1491 1198 cuius
1527 1159 1643 1199 Lon-

168 1223 315 1276 gitudo
351 1222 541 1262 nondum
578 1222 859 1261 determinata
894 1223 974 1271 est,
1010 1224 1245 1264 innotescat
1282 1234 1446 1277 tempus
1482 1223 1546 1264 isti
1581 1223 1644 1263 di·

170 1287 339 1327 stantiae
374 1286 642 1338 respondens,
673 1285 910 1326 differentia
945 1286 1102 1327 horum
1140 1297 1385 1340 temporum
1422 1287 1537 1328 dabit
1566 1287 1643 1328 dif—

170 1351 389 1391 ferentiam
426 1350 770 1391 Meridianorum
807 1351 967 1405 cogniti
1004 1361 1045 1391 et
1091 1352 1312 1404 incogniti.
1385 1351 1531 1407 Quum
1569 1365 1643 1393 au—

168 1426 255 1456 tem
308 1416 496 1455 distantia
553 1427 653 1455 veta
687 1415 831 1456 Lunae
869 1430 891 1456 a
926 1414 1012 1456 fixa
1049 1428 1132 1455 non
1168 1417 1416 1457 immediate
1452 1429 1529 1470 per
1565 1416 1641 1456 ob-

168 1481 423 1520 seruationes
459 1480 609 1529 detur,
662 1481 703 1518 in
740 1493 790 1520 eo
835 1482 1083 1534 praeprimis
1120 1480 1420 1522 elaborandum
1460 1482 1544 1531 est,
1596 1492 1643 1522 vt

171 1556 226 1584 ex
263 1544 491 1584 obsenmis
528 1543 812 1585 altitudinibus
849 1544 992 1586 Lanae
1028 1556 1071 1585 et
1107 1545 1244 1587 Sellae
1280 1546 1408 1595 fixae,
1445 1558 1521 1586 nec
1550 1557 1638 1585 non

169 1607 361 1647 distantia
396 1618 618 1661 apparente
655 1610 763 1649 inter
798 1610 962 1650 Lunam
998 1619 1039 1650 et
1084 1610 1215 1651 fixam
1238 1639 1249 1660 ,
1306 1609 1528 1665 colligatur
1577 1609 1641 1649 di-

169 1672 316 1713 stantia
349 1684 450 1713 vera
484 1671 639 1712 horum
674 1674 912 1715 Astrorum.

361 1805 396 1853 §.
422 1813 475 1844 ε.
542 1800 606 1843 Sit
640 1801 678 1843 A
714 1803 860 1846 zenith
895 1804 982 1846 Ioci
1014 1807 1059 1847 in
1095 1816 1180 1860 quo
1225 1802 1539 1847 obseruationes
1574 1790 1848 1856 in·T³¹?·Xm·

169 1865 331 1906 stitutae
366 1867 489 1917 sunt,
535 1866 576 1907 A
596 1866 675 1909 be
707 1870 886 1912 circulus
921 1870 1132 1912 verticahs
1167 1883 1251 1925 pro<
1281 1871 1400 1911 Luna
1425 1899 1441 1921 r
1472 1870 1515 1910 in
1552 1882 1638 1923 quo
1680 1846 1755 1896 mg·
1788 1855 1821 1886 7·

168 1929 205 1971 B
240 1930 422 1983 designat
456 1932 599 1972 locum
635 1934 769 1975 centri-
803 1936 948 1976 Lunae
968 1946 1240 1990 apparentem
1261 1944 1301 1975 et
1329 1934 1355 1975 b
1384 1934 1525 1975 locum
1551 1934 1639 1974 eius

169 2006 320 2035 verum
341 2025 353 2045 ‚
388 1995 510 2037 fimili
547 1997 706 2038 ratione
741 2000 783 2039 in
821 2000 980 2042 circulo
1015 2000 1205 2041 verticali
1242 1999 1284 2041 A
1305 1997 1341 2041 C
1362 2013 1411 2049 c,
1458 1999 1643 2052 designet

171 2056 210 2098 C
245 2059 386 2100 locum
424 2060 559 2102 stellae
595 2074 865 2116 apparentem
902 2075 944 2106 et
979 2079 1000 2106 c
1028 2065 1169 2106 locum
1191 2065 1279 2105 eius
1315 2076 1486 2111 verum,
1527 2063 1639 2104 vnde

170 2123 365 2165 ducendo
400 2138 520 2165 arcus
557 2126 809 2170 circulorum
846 2132 1137 2171 maximorum
1172 2127 1251 2169 BC
1285 2138 1326 2169 et
1361 2127 1423 2175 bc,
1465 2124 1639 2168 eritBC

171 2186 363 2229 distantia
399 2203 602 2243 apparens
638 2194 770 2233 cen-tri
827 2195 975 2236 Lunae
1007 2209 1028 2235 a
1081 2193 1194 2234 stella
1243 2203 1286 2233 et
1336 2192 1401 2233 bc
1449 2192 1639 2233 distantia

170 2262 284 2292 vera.
373 2253 533 2308 Quodsi
585 2268 694 2296 nunc
729 2257 945 2300 breuitatis
990 2259 1151 2314 gratia,
1204 2271 1322 2300 arcus
1356 2256 1484 2307 AB,
1518 2256 1562 2300 A
1583 2256 1607 2298 b
1629 2288 1638 2304 ‚

1525 2321 1568 2363 A
1588 2317 1638 2367 C,
