1992 2756
838 174 968 228 7⁸2³ssss
1035 170 1197 229 )64(
1258 171 1374 226 &tt-&⁴-

383 292 512 339 terim
547 298 686 333 tamen
719 284 869 327 eodem
905 285 1131 326 ratiocinio
1164 284 1365 335 vidimuS‚
1385 285 1429 326 in
1469 285 1585 328 classe
1614 287 1845 342 posteriore

378 367 601 402 occurrere
654 361 853 392 numeros
904 373 946 379 —
969 363 988 388 1
1014 380 1026 399 ,
1070 348 1206 406 -f-
1230 363 1248 388 1
1275 379 1287 399 ,
1321 348 1459 405 ——f—
1479 363 1503 389 2
1539 361 1616 392 etc.
1669 352 1845 404 ideoque

379 424 505 465 etiam
539 428 690 458 omnes
728 415 851 471 plane
884 413 1076 468 formas3
1110 414 1224 468 quod
1269 426 1401 466 quum
1437 413 1485 454 fit
1537 416 1722 455 maxime
1775 414 1845 454 ab·

376 484 564 533 surdum,
583 481 767 536 sequitur
799 478 947 519 falsum
982 480 1085 529 effe,
1122 491 1206 519 non
1242 477 1330 517 dari
1367 488 1488 520 terna
1521 478 1722 531 quadrata
1740 491 1844 532 quo-

375 561 474 590 rum
507 547 669 589 summa
702 545 750 588 fit
805 542 1020 585 diuifibilis
1070 556 1146 597 per
1197 555 1424 584 numerum
1476 541 1739 597 propositum
1789 541 1845 582 N.

372 611 545 656 Dantur
576 623 677 668 ergo
712 610 891 651 omnino
929 617 1048 648 terna
1082 606 1302 659 multoque
1337 608 1469 661 magis
1517 616 1720 659 quaterna
1768 606 1847 646 hu-

371 677 561 722 iusmodi
594 675 821 733 quadrata,
868 685 1054 730 quorum
1088 671 1250 714 summa
1286 683 1360 724 per
1394 670 1437 713 N
1471 671 1551 712 erit
1586 669 1815 713 diuifibilis.

919 763 1316 823 Corollarium.

538 872 611 916 Ex
659 873 743 914 hoc
794 870 1090 912 Theoremate
1140 883 1237 911 cum
1289 869 1563 923 praecedente
1616 869 1844 910 coniunsto

377 937 596 981 manifesto
632 936 832 991 sequitur,
855 948 1002 975 ornnes
1038 933 1159 988 plane
1195 946 1391 975 numeros
1428 933 1590 987 primos
1625 933 1702 974 esse
1740 933 1850 974 sum·

380 1016 470 1045 mas
505 1012 686 1058 quatuor
729 1000 797 1040 vel
831 1001 1082 1054 pauciorum
1118 998 1432 1049 quadratorum.
1493 997 1550 1036 Et
1585 1009 1716 1049 quum
1751 1010 1850 1051 pro-

379 1068 502 1108 dusta
536 1079 590 1106 ex
627 1065 733 1105 binis
772 1063 1014 1115 pluribusne
1048 1060 1294 1102 huiusmodi
1329 1060 1517 1100 numeris
1554 1060 1729 1098 eandem
1777 1073 1848 1101 na-

378 1138 517 1170 turam
555 1128 807 1180 sequautur,
844 1124 1079 1165 solidiffune
1115 1123 1297 1164 euletum
1335 1123 1422 1172 est,
1458 1134 1591 1164 omnes
1617 1122 1739 1178 plane
1777 1136 1849 1164 nu-

378 1205 508 1236 meros
546 1191 615 1249 effe
640 1190 819 1248 summas
852 1198 1026 1245 quatuor
1061 1188 1351 1242 quadratorum
1386 1187 1458 1229 vel
1472 1187 1570 1229 adeo
1593 1187 1842 1243 pauciorum.

891 1277 1322 1336 Scholion.

531 1384 650 1429 Loco
683 1383 806 1426 huius
842 1382 1144 1438 propositionis
1182 1379 1271 1423 Cel.
1306 1379 1348 1423 la
1395 1380 1559 1436 Grange
1602 1383 1850 1425 Theorema

380 1451 518 1494 multo
552 1450 675 1493 latius
710 1459 854 1503 patens
889 1449 932 1488 in
978 1446 1165 1488 medium
1224 1447 1364 1487 attulit
1409 1457 1447 1486 et
1493 1447 1851 1489 demonstratione

380 1516 566 1560 muniuit
599 1512 920 1568 ingeniofiffima
955 1511 1153 1565 quidem,
1200 1510 1265 1551 sed
1312 1520 1530 1564 tantopere
1583 1512 1759 1552 abstrusa
1809 1523 1850 1553 et

381 1581 595 1623 intellectu
630 1576 820 1626 difficili,
873 1585 919 1617 vt
965 1587 1049 1616 non
1086 1575 1158 1615 nifi
1195 1574 1357 1615 summa
1392 1575 1574 1615 adhibita
1609 1576 1849 1617 attentione

380 1645 541 1700 percipi
576 1643 723 1698 poss‘et.
789 1640 1105 1682 Demonstrauit
1142 1638 1308 1687 scilicet,
1332 1638 1549 1692 proposito
1595 1652 1850 1693 quocunque

381 1721 561 1751 numero
596 1707 737 1762 primo
772 1705 815 1746 A
850 1705 1011 1759 semper
1047 1703 1142 1743 bina
1177 1704 1374 1755 quadrata
1404 1711 1470 1757 pp
1499 1713 1539 1742 et
1558 1716 1617 1756 qq
1652 1703 1702 1743 ad
1731 1702 1849 1744 illum

380 1775 520 1830 prima
553 1771 643 1812 dari
678 1770 821 1825 posse,
858 1770 916 1810 ita
949 1777 996 1808 vt
1031 1766 1235 1808 formulae
1266 1768 1546 1822 pp-qu—
1568 1765 1603 1806 C
1640 1779 1718 1820 per
1753 1781 1849 1808 eum

383 1849 605 1879 numerum
659 1835 845 1888 primum
898 1832 940 1874 A
976 1831 1049 1872 fiat
1101 1831 1343 1878 diuififflhs,
1395 1833 1633 1884 quicunque
1686 1833 1849 1872 numeri

379 1915 459 1958 pro
493 1900 642 1941 litteris
678 1898 713 1939 B
748 1908 788 1939 et
824 1894 861 1939 C
895 1897 1166 1950 accipiantur,
1187 1895 1423 1937 dummodo
1456 1895 1612 1935 fueaint
1641 1895 1765 1948 primi
1785 1909 1852 1936 re·

383 1967 521 2020 spectu
557 1963 681 2018 ipfius
716 1961 771 2003 A.
840 1962 958 2002 Idem
993 1961 1122 2014 igitur
1163 1960 1414 2000 Theorema
1457 1958 1671 2012 aliquanto
1723 1959 1847 2000 latius

381 2029 602 2071 extensum
638 2040 734 2068 curn
770 2025 1122 2067 demonstratione
1173 2024 1297 2078 longe
1344 2023 1520 2065 faciliori
1570 2033 1614 2063 et
1667 2022 1852 2076 planiori,

381 2094 450 2136 hic
486 2093 746 2146 subiungam.

872 2147 1205 2209 Theorema
1248 2149 1353 2210 VI.

533 2257 567 2306 §-
610 2268 678 2296 12.
748 2255 947 2312 Proposito
982 2266 1213 2310 quocunque
1247 2266 1407 2299 numero
1437 2257 1568 2310 primo
1602 2251 1668 2302 N,
1691 2250 1849 2306 fi’mper

384 2329 498 2363 terna
533 2319 736 2376 quadrata
773 2334 858 2371 xx,
880 2333 945 2373 yry
981 2329 1018 2360 et
1053 2332 1111 2359 zz
1147 2321 1204 2363 ad
1237 2333 1324 2362 eum
1355 2320 1491 2374 prima
1526 2316 1717 2361 exhibere
1743 2315 1850 2361 licet.

1802 2386 1850 2417 vt
