1992 2756
615 168 731 220 ..2023
796 163 813 225 )
852 178 937 209 201
977 166 993 225 (
1054 168 1171 220 5103«.-

147 280 444 324 obseruatione
479 279 636 322 discant
670 279 715 322 hi
740 281 989 322 animalium
1027 279 1291 330 scrutatores,
1312 281 1503 325 dentium
1525 297 1627 326 enu-

146 346 436 389 merationem
476 344 642 386 fallaces
679 346 776 387 dare
828 345 1090 386 charasteres
1143 358 1222 398 pro
1276 346 1460 388 claffium
1500 358 1627 403 atque

146 423 357 465 generum
392 408 679 451 diuifionibus.
748 408 934 457 Discant,
972 408 1035 449 his
1072 408 1377 451 characteribus
1413 413 1628 463 conceffis,

146 473 294 517 Brutis
328 473 654 515 adnumerandos
689 472 760 528 effe
792 471 1095 522 Rhinocerotes,
1132 483 1171 514 et
1198 474 1304 515 nullo
1324 473 1436 515 modo
1454 472 1624 517 Belluis.

341 602 615 642 Ruminantia
650 600 797 640 omnia
832 600 940 641 hanc
977 600 1233 641 anteriorem
1283 602 1482 643 maxillae
1525 615 1628 657 por-

147 666 314 706 tionem
349 666 507 706 habent
544 665 626 704 fine
663 663 858 703 dentibus
882 694 893 712 ‚
929 664 1293 717 quemadmodum
1331 666 1626 708 Rhinoceros:

147 731 192 770 in
228 730 347 770 foffili
381 728 520 769 Bufali
560 728 703 768 cranio
739 740 834 768 eam
872 726 940 769 Cl.
978 727 1120 769 Pallas
1154 729 1266 771 Tab.
1301 730 1399 771 XII.
1428 731 1630 773 delineari

146 793 326 835 curauit.

336 855 386 896 In
439 855 810 910 Myrmecophaga
863 857 1028 912 capenfi
1081 858 1227 899 eadem
1276 868 1448 900 naturae
1485 860 1629 901 devia-

145 921 238 971 tio,
291 920 451 973 etiamsi
503 920 683 961 molares
737 921 869 962 adsint
922 923 1044 963 valde
1090 923 1338 978 conspicui,
1390 936 1496 978 quos
1540 924 1630 966 fru-

142 985 222 1026 stra
259 985 428 1037 negauit
461 982 643 1024 Kolhius.

335 1109 544 1151 Dentium
581 1108 807 1151 molarium
845 1123 1047 1151 numerus
1083 1113 1125 1150 in
1162 1123 1339 1166 vtraque
1371 1115 1542 1155 maxilla
1571 1116 1625 1155 ad

146 1182 222 1218 28.
257 1175 455 1226 adceditz,
506 1174 664 1227 septem
713 1175 754 1213 in
791 1184 973 1228 vtroque
1006 1175 1170 1224 latere,
1224 1178 1416 1229 ingentes
1467 1187 1509 1217 et
1553 1191 1625 1218 ro-

142 1239 383 1287 bustiffimi.‚
419 1239 477 1278 ita
511 1248 653 1277 tamen
688 1237 887 1291 dispositi,
923 1249 970 1277 vt
1005 1239 1224 1280 inferiores
1261 1242 1372 1281 intra
1407 1242 1619 1294 margines

143 1303 407 1356 superiorum
442 1302 742 1356 excipiantur:
777 1302 888 1340 vnde
934 1301 1056 1341 fimul
1100 1313 1215 1355 patet
1260 1304 1486 1345 lateraliter
1536 1318 1622 1346 non

141 1367 313 1408 moveri
349 1367 567 1407 maxillam
587 1364 833 1406 inferiorem
855 1366 905 1405 ad
935 1366 1292 1416 manducandum,
1330 1368 1395 1407 sed
1415 1371 1620 1410 contundi

140 1430 290 1482 cib0s3
327 1431 458 1471 obstat
491 1432 620 1471 etiam
656 1429 755 1469 huic
789 1430 926 1470 motui
963 1431 1159 1471 maxillae
1197 1432 1406 1471 inferioris
1465 1435 1623 1473 articu-

142 1494 259 1542 latio,
296 1497 357 1535 vti
395 1509 451 1536 ex
486 1494 555 1548 fig.
597 1507 636 1533 2.
671 1493 780 1534 Tab.
817 1493 920 1534 VII.
958 1495 1100 1548 colligi
1136 1496 1271 1549 potest
1308 1496 1448 1542 facile,
1486 1507 1621 1538 trans-

143 1558 347 1599 versalem
383 1561 540 1613 quippe
575 1558 731 1598 lineam
765 1559 922 1599 format
956 1559 1164 1612 condylus
1200 1570 1381 1614 vterque
1417 1561 1482 1601 Ω.
1520 1565 1574 1603 Θ.

332 1685 504 1727 Vomer
538 1688 581 1727 in
616 1688 756 1729 nostro
790 1698 878 1730 erat
911 1689 1036 1730 valde
1071 1689 1222 1738 tenuis,
1261 1702 1314 1731 ex
1361 1690 1519 1744 duplici
1557 1690 1618 1732 la-

144 1752 264 1794 mina
299 1752 519 1801 constan5‚
556 1765 661 1806 quae
695 1753 855 1807 septum
892 1754 1211 1807 cartilagiueum
1249 1755 1519 1808 excipiebat,
1557 1766 1618 1795 at-

146 1829 227 1869 que
263 1816 448 1856 exterius
486 1816 721 1871 multopere
755 1819 960 1872 discrepat
998 1833 1020 1857 a
1065 1818 1185 1857 foffili
1237 1818 1307 1871 fig.
1365 1831 1405 1866 3.
1458 1817 1512 1857 ib.
1575 1819 1618 1857 in

146 1893 233 1934 quo
268 1890 311 1920 et
346 1892 527 1930 vomer,
578 1891 619 1921 et
663 1882 826 1936 septum
863 1896 920 1923 ex
971 1884 1053 1923 offe
1105 1881 1384 1922 robustiffimo
1436 1881 1619 1922 conflata

143 1943 355 1985 videntur.

334 2007 635 2059 Foraminum,
670 2020 712 2051 et
746 2011 1007 2065 reliquarum
1045 2010 1234 2064 partium
1270 2009 1509 2051 differentia
1538 2010 1616 2050 fin-

141 2073 333 2126 gularem
386 2073 711 2127 descriptionem
765 2089 850 2116 non
903 2075 1126 2116 videbatur
1176 2075 1407 2127 requirere.
1475 2075 1616 2127 Magis

142 2136 339 2190 elongata
377 2139 521 2177 omnia
565 2139 608 2178 in
642 2138 793 2189 fossili,
847 2153 955 2194 quae
1002 2140 1218 2180 contracta
1254 2138 1345 2178 sunt
1380 2140 1422 2179 in
1461 2140 1618 2188 nostro,

141 2202 349 2253 quoniam
387 2211 524 2242 totum
563 2205 753 2244 cranium
787 2205 946 2257 gracile
983 2206 1115 2260 magis
1152 2205 1207 2245 est
1242 2205 1285 2242 in
1321 2202 1385 2244 his
1406 2202 1615 2245 fossilibus.

207 2314 311 2357 Atra
332 2316 457 2357 Ama,
475 2315 571 2372 Jmp.
592 2315 661 2359 sc,
683 2316 791 2359 Tom.
811 2316 841 2358 1.
862 2318 907 2358 P.
925 2317 976 2358 11.
1113 2286 1118 2290 ’
1246 2314 1326 2359 Ce
1549 2317 1615 2358 De
