1992 2756
627 148 744 200 »ἓωῑέ
808 145 822 204 )
861 159 913 201 521
953 145 969 203 (
1033 147 1148 203 ἔξω·

153 262 258 305 cheti
292 262 375 304 siue
411 261 620 304 Fermatii:
658 262 771 316 qnod
809 262 947 302 omnis
985 270 1184 300 numerus
1222 257 1262 297 in
1297 257 1498 312 quadrata
1527 271 1627 313 qua*

153 338 252 370 tuor
286 328 354 368 vel
389 329 589 382 pauciora
627 327 775 369 resolui
813 327 962 381 possit,
999 337 1078 379 pro
1114 323 1298 378 perfeci-„e
1334 323 1624 369 demonstrato

149 393 207 433 est
240 391 493 434 habendum.
549 392 662 448 Quia
698 392 810 432 enim
848 404 928 445 pro
966 401 1143 434 numero
1188 387 1331 442 primo
1368 400 1627 442 quocunque

150 457 314 511 semper
349 458 436 499 dari
473 458 609 511 potest
644 457 806 498 summa
842 464 1024 508 quatuor
1060 453 1361 505 quadratorum
1399 452 1626 506 perillum

148 522 395 571 diuifibilis,
431 534 579 563 omnes
626 520 791 561 numeri
844 518 972 572 primi
1024 517 1211 556 summae
1270 526 1392 556 erunt
1447 526 1627 570 quatuor

148 587 455 639 pauciorumue
491 587 824 640 quadratorum3
871 591 913 622 et
949 580 1047 634 quia
1098 582 1183 620 iam
1236 580 1394 620 dudum
1447 581 1626 621 demon·-

148 650 320 691 stratum
356 650 426 699 est,
461 649 664 703 producta
699 660 761 689 ex
789 646 963 687 duobus?
988 644 1233 699 pluribusne
1286 645 1502 693 numeris,
1554 645 1625 699 qui

148 707 295 767 singuli
331 713 424 753 sunt
460 713 645 753 summae
699 721 882 765 quatuor
934 709 1240 764 pauciorumue
1295 711 1627 762 quadratorum,

147 790 316 832 quoque
350 777 391 816 in
430 787 611 830 quatuor
645 777 844 830 quadr-ata
879 775 1088 829 dispertiri
1125 775 1252 827 pofl‘e,
1284 773 1518 815 solidissime
1541 774 1625 812 iam

148 841 204 882 est
240 842 455 891 mistum,
508 855 670 882 omnes-
694 841 816 895 plane
854 853 1052 882 numeros
1088 839 1167 880 effe
1213 838 1397 879 summas
1442 847 1625 891 quatuor

149 905 451 960 quadratorum
487 908 809 960 pauciorumue.

301 972 333 1019 §.
372 984 415 1020 4.
484 962 691 1024 Quamuis
728 970 906 1010 omnino
943 968 1057 1010 nefas
1093 968 1220 1018 effet,
1257 967 1485 1021 quicquam
1523 978 1624 1006 con-

150 1042 215 1072 tra
250 1033 512 1073 soliditatemv
535 1044 577 1073 et
609 1035 796 1085 rig-orem
842 1033 996 1073 harum
1049 1033 1457 1072 demonstrationum
1483 1079 1486 1082 ⁴
1510 1031 1627 1071 exci-

152 1108 268 1149 pere,
304 1106 443 1136 tamen
480 1109 608 1136 nemo
644 1096 825 1149 negabit,
859 1109 924 1135 eas
962 1096 1087 1135 nimis
1132 1096 1261 1147 longe
1304 1094 1393 1133 effe
1427 1097 1624 1147 repetitas

154 1172 291 1212 neque
329 1160 411 1213 ipsa
445 1159 720 1200 fundamenta
755 1169 796 1199 et
831 1160 1012 1200 rationes
1065 1158 1323 1211 singulorum
1376 1158 1626 1197 ratiocinio-

150 1237 261 1271 rum⁷
282 1224 430 1277 quibus
467 1224 545 1264 hae
583 1223 957 1264 demonstrationes
995 1223 1072 1262 sint
1108 1222 1380 1277 compositae,
1400 1220 1510 1261 haud
1541 1221 1624 1261 leui

153 1287 406 1328 obscuritate
441 1289 517 1329 effe
553 1288 760 1327 inuolutas
782 1317 792 1335 ,
830 1287 886 1326 ita
921 1296 969 1326 vt
1004 1287 1247 1326 etiamnunc
1284 1285 1437 1324 merito
1472 1284 1623 1325 clario·

152 1365 217 1392 res
254 1362 296 1392 et
329 1362 527 1406 perceptu
562 1351 771 1392 faciliores
808 1350 1185 1394 demonstrationes
1221 1348 1452 1391 desiderare
1485 1346 1633 1389 liceat.

153 1415 254 1470 Quo
290 1417 460 1470 quidem
496 1416 703 1456 defiderio
738 1415 925 1456 summae
962 1415 1100 1464 laudi,
1146 1426 1273 1467 quam
1309 1412 1404 1452 istae
1450 1412 1625 1453 demon-

150 1480 366 1522 strationes
405 1491 651 1531 merentur,
688 1479 792 1520 nihil
826 1479 988 1520 detrahi
1023 1480 1079 1520 est
1116 1477 1383 1519 censendum.

250 1596 261 1599 ..
303 1548 337 1596 §2
378 1557 415 1594 5⁴.
486 1545 633 1599 Quum
670 1545 824 1598 igitur,
867 1545 1087 1598 postquam
1124 1543 1206 1583 hoc
1243 1550 1539 1595 argumentum
1574 1541 1624 1582 de

153 1621 269 1650 nouo
304 1610 624 1663 perpendissem,
645 1610 686 1649 in
724 1621 853 1650 nouas
889 1619 931 1650 et
951 1609 1042 1649 satis
1063 1608 1204 1663 planas
1225 1606 1456 1647 eorundem
1475 1604 1624 1645 Theo-

153 1683 365 1714 rematum
401 1674 772 1718 demonstrationes
811 1674 916 1714 mihi
953 1674 1139 1714 incidere
1175 1671 1413 1724 contigerit,
1450 1671 1514 1720 iis,
1551 1669 1623 1723 qui

152 1737 236 1778 hoc
273 1738 405 1777 studio
439 1738 707 1789 delectantur,
743 1739 1078 1779 communicatio
1114 1737 1265 1777 harum
1310 1747 1519 1779 nouarum
1554 1734 1624 1775 de-

155 1802 506 1843 monstrationum
544 1811 655 1844 certe
687 1804 911 1857 gratiffima
947 1802 1036 1842 fore
1071 1802 1265 1852 videtur;
1316 1800 1513 1852 quocirca
1555 1810 1622 1837 eas

153 1866 238 1907 hoc
273 1866 369 1906 loco
405 1863 608 1920 quantum
643 1877 796 1921 potero
830 1867 1013 1908 breuiter
1047 1876 1090 1906 et
1124 1865 1306 1905 dilucide
1341 1862 1429 1903 sum
1467 1873 1628 1914 propo-

155 1931 322 1972 siturus.
374 1930 442 1971 Ac
460 1932 605 1985 primo
640 1933 809 1986 quidem
836 1947 859 1973 a
893 1932 1184 1973 Theoremate
1220 1928 1293 1968 illo
1330 1926 1541 1966 notissimo
1574 1925 1625 1966 fi·'

154 1995 331 2049 mulque
364 1987 599 2049 pleniffime
634 1997 934 2047 demonstrato,
955 2008 1041 2050 quo
1076 2006 1224 2034 omnes
1260 1991 1457 2032 diuisores
1486 1990 1624 2030 cuius·

155 2073 237 2113 que
274 2060 460 2101 summae
495 2060 674 2101 duorum
708 2062 819 2102 inter
855 2061 891 2102 se
928 2062 1181 2114 primorum,
1217 2055 1290 2111 ipsi
1326 2055 1497 2096 summis
1517 2054 1624 2094 duo·

155 2137 252 2165 rum
288 2125 587 2177 quadratorum
625 2125 817 2179 aequales
853 2126 1129 2173 affirmantur,
1150 2121 1363 2175 incipiam,
1393 2132 1489 2160 cum
1508 2118 1622 2172 quod

155 2187 258 2230 haec
295 2201 408 2229 noua
441 2190 742 2230 demonstratio
778 2190 1040 2245 simplicitate
1079 2188 1118 2230 se
1164 2186 1353 2228 maxime
1403 2195 1623 2228 commen-

156 2253 238 2303 dat,
279 2263 370 2294 tum
408 2266 510 2295 vero
544 2255 673 2308 quod,
711 2255 859 2295 iisdem
894 2254 1076 2308 vestigiis
1111 2248 1626 2301 infistendo‚demonstra-

157 2318 219 2359 tio
253 2318 374 2359 facile
409 2319 457 2359 ad
494 2329 674 2372 quatuor
709 2319 907 2373 quadrata
942 2317 1113 2360 extendi
1146 2315 1294 2372 potest.
1490 2373 1524 2415 L

855 2382 894 2425 G
932 2397 957 2424 2
1528 2383 1617 2412 em-
