1992 2756
823 113 937 161 »ξφ-,ς
1001 106 1197 165 >284(
1263 111 1375 159 aa«

561 225 779 276 Postquam
826 231 966 263 autem
1013 225 1207 277 deinceps
1245 223 1399 274 fingula
1435 235 1659 268 momenta
1679 227 1827 280 quibus

373 292 474 334 haec
527 288 748 330 methodus
794 297 883 327 erat
917 287 1206 341 superstruffla,
1245 289 1471 328 accuratius
1508 293 1825 342 perpendiflem‚

373 358 512 410 primo
566 352 735 405 quidem
793 352 927 391 statim
972 353 1178 406 perspexi,
1214 352 1320 392 hanc
1357 352 1604 393 methodum
1641 355 1826 397 adhiberi

372 431 455 459 non
493 416 683 470 potuisse,
719 416 746 456 fi
783 416 999 456 inclinatio
1036 417 1195 456 orbitae
1213 416 1366 457 lunaiis
1398 417 1446 456 ad
1468 416 1701 471 eclipticam
1723 421 1830 460 mul·

373 492 417 522 to
470 483 604 521 maior
639 479 773 519 fuisset
809 493 935 532 quam
972 492 1114 520 reuera
1150 481 1497 534 deprehenditur3
1548 481 1651 521 haec
1689 493 1829 524 autem

373 545 682 599 circumstantia
717 544 838 597 parui
875 544 1126 584 aestimanda
1161 546 1215 584 est
1251 545 1474 593 momenti,
1518 557 1612 585 cum
1650 546 1690 584 in
1726 559 1830 587 vero

374 621 493 651 motu
541 610 684 650 Lunae
730 608 872 647 locum
909 620 993 646 non
1029 607 1192 648 habeat.
1261 608 1426 649 Verum
1464 609 1491 648 fi
1527 622 1617 661 quis
1655 611 1832 652 eandem

374 674 624 716 methodum
671 673 720 713 ad
767 681 931 711 motum
979 672 1204 712 satellitum
1245 673 1360 722 Jovis
1397 673 1466 713 vel
1501 674 1627 712 etiam
1665 673 1833 716 Saturni

376 735 696 780 accommodare
740 736 934 783 voluerit,
973 747 1062 775 tum
1099 737 1243 789 vtique
1281 737 1415 776 maior
1450 737 1682 787 inclinatio,
1728 752 1832 791 quae

373 804 484 843 forte
521 803 562 841 in
599 801 744 840 orbitis
781 799 937 839 horum
975 800 1195 839 satellitum
1233 809 1486 845 occurreret,
1533 813 1708 841 omnem
1748 804 1835 843 suc-

376 867 529 907 cessum
566 864 768 917 impedire
805 863 949 915 posset.
1018 863 1237 902 Praeterea
1283 875 1406 909 vero,
1462 864 1559 914 quia
1594 863 1661 904 hic
1699 866 1833 905 statim

373 931 518 972 Lunae
555 939 720 967 motum
757 927 803 966 ad
842 926 1012 978 planum
1050 925 1266 977 eclipticae
1302 925 1481 971 reduxi,
1527 925 1606 964 hoc
1637 928 1725 978 ipso
1750 942 1834 968 non

375 993 512 1034 nullae
548 990 863 1042 inaequalitates
900 988 936 1028 se
973 988 1210 1028 immiscere
1246 987 1493 1035 debuerunt,
1529 1000 1627 1040 quas
1657 989 1743 1030 fere
1766 1005 1837 1044 pe·

376 1057 486 1096 nitus
523 1052 796 1100 euitaffem,fi
834 1061 997 1091 motum
1033 1052 1175 1091 Lunae
1212 1052 1359 1102 quouis
1398 1059 1586 1104 tempore
1623 1053 1764 1094 saltem
1786 1055 1836 1095 ad

373 1121 547 1176 planum
585 1117 748 1158 orbitae
782 1116 869 1156 eius
906 1116 1068 1156 mediae
1102 1116 1387 1166 reuocaffem3
1448 1115 1530 1156 hoc
1566 1127 1706 1156 autem
1745 1132 1838 1158 mo-

375 1186 430 1225 d‘o
481 1196 567 1223 non
603 1181 740 1222 solum
787 1180 968 1220 calculus
1004 1180 1210 1233 prolixior
1245 1179 1453 1227 euaderet,
1491 1180 1553 1219 sed
1591 1182 1716 1221 etiam
1753 1183 1838 1236 ipsa

376 1247 675 1290 determinatio
696 1246 853 1292 Lunae,
890 1256 944 1283 ex
978 1242 1190 1283 valoribus
1219 1255 1264 1291 x,
1285 1255 1333 1292 y,
1369 1257 1393 1283 z
1416 1244 1606 1296 petenda,
1627 1247 1835 1287 maiorem

378 1312 527 1354 calculi
614 1319 862 1363 apparatum
947 1307 1192 1360 requireret.
1334 1305 1396 1346 At
1463 1321 1564 1347 vero
1631 1310 1659 1349 fi
1727 1312 1831 1350 adeo

377 1388 526 1417 omnes
582 1371 899 1424 inaequalitates
955 1370 1226 1423 simpliciores
1273 1369 1418 1410 fierent
1463 1381 1503 1411 et
1539 1373 1588 1411 ad
1624 1374 1836 1414 minorem

380 1451 603 1480 numerum
639 1435 945 1488 redigerentur,
981 1434 1061 1474 hoc
1099 1435 1228 1473 modo
1257 1444 1367 1474 totus
1390 1435 1508 1475 labor
1526 1435 1698 1488 largiter
1718 1450 1838 1478 com-

380 1503 650 1559 pensaretur3
702 1512 827 1553 quam
871 1498 1050 1547 obrem
1088 1499 1157 1538 vsu
1195 1511 1278 1538 non
1325 1500 1551 1539 cariturum
1596 1501 1684 1540 fore
1729 1491 1838 1542 arbi-

382 1579 495 1616 tror,
541 1566 568 1605 fi
603 1565 710 1606 hanc
744 1564 883 1604 ideam
920 1572 1089 1603 motum
1124 1563 1265 1603 Lunae
1302 1564 1634 1617 repraesentandi
1671 1578 1839 1606 accura—

380 1632 461 1672 tius
502 1630 750 1684 exposuero.
1026 1618 1033 1626 ¹

792 1727 1084 1823 ssscho
1128 1754 1397 1816 PRIMA.

510 1873 588 1923 De
621 1869 910 1921 reductione
946 1869 1340 1919 coordinatarum
1373 1870 1712 1935 principalium

616 1946 677 1996 ad
709 1947 908 2011 planum
944 1946 1130 1996 orbitae
1164 1946 1368 1997 Lunaris
1403 1946 1601 1996 mediae.

569 2084 607 2132 ’(5.
649 2095 686 2123 1.
756 2079 1004 2123 constitutis
1050 2090 1097 2121 vt
1141 2094 1233 2123 ante
1269 2084 1396 2124 ternis
1432 2081 1687 2123 coordinatis
1725 2079 1837 2134 prin-

160 2147 356 2186 'rahxm
386 2144 584 2196 cipalibus
618 2146 796 2188 TX:
813 2146 868 2195 Χ,
905 2144 1076 2185 XY:
1095 2145 1155 2193 Y,
1192 2145 1356 2188 YZ:
1376 2145 1425 2196 Z,
1468 2148 1515 2187 ad
1553 2160 1651 2199 quas
1688 2146 1841 2199 princi-

192 2197 269 2248 Fig.
298 2211 330 2237 2.

385 2210 455 2265 pia
498 2220 639 2250 motus
685 2211 776 2251 sunt
822 2211 1209 2263 accommodanda,
1262 2213 1461 2253 ducamus
1509 2212 1649 2266 primo
1683 2209 1839 2250 reciam

1733 2269 1838 2322 Ίὲἓ
